2048 3786
513 246 1368 324 Carthaginemnam.
1559 247 1673 304 ]7l

83 403 293 466 dentes
318 453 334 481 ,
383 421 550 490 peste
584 405 904 488 impediti,
952 405 1016 480 a)
1065 402 1268 461 denuo
1303 405 1618 480 llffagnsme
1655 403 1767 460 du-

81 514 152 553 ce
188 495 445 558 meliore
480 493 729 556 fortuna
759 491 1034 551 Siciliam
1065 490 1466 563 devastante3‚
1490 489 1768 547 fructuo-

84 604 212 640 sam
253 603 465 665 pacem
504 586 839 641 iniverunt.
866 580 947 659 b)
974 578 1214 636 Verum
1246 599 1370 634 nou
1405 576 1601 634 multo
1639 592 1776 657 post

91 672 153 727 in
199 670 408 730 Sicilia
443 686 694 730 mortuo
747 671 1159 737 Timoleonte,
1205 687 1497 745 magnum
1541 685 1766 722 nomen

85 758 360 816 obtinuit
395 758 815 835 Agathocle&
874 756 1127 813 Carcine
1150 750 1324 834 figuli
1357 750 1768 832 Rheginensis

83 843 274 919 filius,
322 847 394 925 c)
444 849 553 928 qui
594 846 807 906 occisis
847 844 1150 902 sexcentis
1191 843 1344 899 viris
1382 839 1608 922 quibus
1653 841 1779 899 rei-

88 933 372 1014 publicae
403 954 554 1014 cura
581 930 936 993 concredita
961 944 1113 1005 erat⁷
1134 943 1384 1012 arrepta
1406 927 1566 1010 apud
1591 927 1777 1008 Syra-

82 1042 339 1081 cusanos
372 1021 701 1101 tyrannide
725 1044 775 1078 a.
803 1034 944 1079 ante
986 1017 1092 1080 Ch.
1145 1019 1288 1079 509.
1330 1018 1396 1096 cl)
1444 1018 1777 1076 temerario

83 1131 233 1167 ausu
287 1106 569 1168 Africam
626 1113 904 1191 ingresus
931 1154 953 1181 ,A
1011 1108 1068 1188 e)
1127 1105 1413 1166 felicibus
1460 1126 1783 1163 armorum

83 1197 482 1271 successibUS,
523 1197 1034 1279 Carthaginenses
1060 1194 1192 1255 fere
1254 1193 1332 1252 ad
1395 1193 1780 1276 desperatio-

85 1308 228 1346 nem
275 1285 500 1367 adegit.
531 1289 621 1367 f)
668 1285 853 1345 Unde
922 1304 1209 1345 reversus
1277 1281 1543 1343 feliciter
1588 1294 1783 1339 totam

87 1373 340 1433 Sicilam
393 1378 456 1434 in
492 1397 663 1434 suam
719 1387 1085 1457 potestatem
1129 1371 1205 1451 g)
1251 1370 1573 1452 redigem,
1632 1389 1782 1427 mox

82 1463 354 1520 maxima
383 1485 507 1545 qua
526 1476 769 1547 poterat
791 1462 1106 1523 celeritate
1137 1462 1482 1519 exercitum
1501 1461 1564 1516 in
1601 1455 1779 1515 Afri-

83 1570 219 1607 cam
258 1550 511 1613 reduxit
536 1597 551 1627 ,
590 1551 699 1610 ubi
745 1564 993 1632 accepta
1031 1549 1268 1629 ingenti
1295 1547 1486 1621 clade,
1538 1547 1602 1626 ἢ)
1639 1567 1782 1603 cum

84 1654 532 1716 reverteretur,
553 1639 989 1699 Sicilianorum
1007 1635 1221 1697 odium
1239 1638 1524 1709 incurrit,
1553 1650 1612 1693 et
1634 1633 1785 1691 dum

84 1727 335 1786 Brutios
374 1728 494 1786 sibi
549 1726 963 1809 subjugasset,
1022 1748 1055 1782 a
1093 1739 1321 1806 nepote
1361 1726 1780 1802 Archagatho

90 1836 217 1873 non
258 1818 390 1874 sine
425 1837 666 1875 veneno
699 1815 968 1874 sublatus
997 1828 1103 1873 est.
1151 1814 1199 1892 i)
1248 1814 1393 1872 Post
1419 1810 1593 1893 cujus
1619 1833 1789 1870 mor-

92 1917 238 1976 tem,
275 1901 788 1985 Carthaginenses
822 1903 905 1960 ob
937 1901 1178 1960 Siciliae
1204 1898 1490 1974 ditioneS‚
1531 1913 1789 1960 cruenta

89 1990 249 2049 bella
290 2013 432 2049 cum
471 1993 744 2069 Pyrrho),
785 2005 847 2052 et
869 1992 1165 2048 Romanis
1206 2003 1554 2071 gesserunt3
1603 2006 1792 2069 prout

86 2077 339 2139 inferius
388 2081 501 2139 sub
546 2082 863 2153 RomaniS,
891 2078 1077 2138 -Bella
1115 2078 1347 2137 Punica
1386 2076 1658 2159 triplicia
1696 2082 1792 2136 vi-

90 2167 402 2227 debimus:
451 2191 727 2252 quorum
782 2168 1097 2229 bellorum
1151 2165 1410 2240 ultimo,
1456 2166 1609 2224 urbs
1650 2189 1792 2226 cum

87 2260 274 2315 totius
323 2260 501 2340 regni
554 2255 886 2342 splendore
963 2258 1170 2316 excisa
1208 2269 1392 2315 erat.
1458 2251 1799 2314 Nihilomi-

1583 2366 1698 2403 nus

155 2515 215 2588 a)
250 2515 409 2568 idern.
444 2516 579 2570 ibid.
613 2534 668 2584 p.
704 2513 830 2571 418.
860 2535 1013 2585 seqq.
1088 2514 1142 2587 b)
1184 2515 1344 2566 idem.
1385 2512 1523 2569 ibid.
1574 2533 1627 2585 p.
1666 2513 1788 2567 445,

251 2591 303 2646 c)
340 2586 567 2638 Diodor.
603 2588 663 2638 L.
699 2586 783 2638 19.
827 2605 870 2639 c.
909 2585 1031 2639 23.
1068 2605 1123 2655 p.
1164 2584 1459 2637 670—675.
1502 2586 1702 2641 Justin.
1726 2587 1790 2640 L.

247 2653 334 2710 22.
374 2675 421 2711 c.
456 2656 507 2710 1.
548 2666 601 2706 et
638 2657 691 2710 2.
766 2655 825 2719 d)
867 2657 1029 2709 idem.
1056 2656 1186 2709 ibid.
1220 2676 1267 2710 c.
1302 2654 1353 2705 2.
1396 2665 1448 2705 et
1467 2651 1522 2707 3.
1562 2656 1791 2708 Diodor.

249 2726 310 2777 L.
351 2723 436 2780 19.
475 2746 523 2779 c.
556 2725 605 2778 6.
681 2729 729 2790 e)
771 2725 966 2778 Causas
1018 2725 1139 2777 fuse
1196 2725 1421 2794 exponit
1462 2724 1692 2782 Diodor.
1729 2727 1791 2778 L.

250 2793 337 2848 19.
381 2804 433 2845 et
482 2795 571 2850 20.
625 2794 695 2845 ad
725 2795 965 2850 initium.
1017 2795 1220 2848 Justin.
1252 2796 1315 2847 L.
1352 2793 1439 2849 22.
1478 2813 1522 2848 e.
1560 2794 1612 2850 4.
1653 2796 1702 2851 5.
1745 2796 1799 2851 6.

231 2861 314 2936 s)
352 2863 572 2916 Diodor.
609 2864 677 2918 L.
730 2864 815 2917 20.
850 2884 902 2935 p.
937 2864 1053 2918 739.
1093 2883 1200 2936 qua
1245 2866 1361 2917 vice
1402 2863 1801 2933 Carthaginen-

248 2953 331 2984 ses
369 2935 552 3004 proles
596 2952 716 2985 suas
771 2935 1008 2987 Saturno
1063 2935 1442 2988 immolabant.
1497 2934 1695 2989 Justin.
1740 2937 1802 2988 L.

253 3003 339 3057 22.
378 3023 422 3056 c.
463 3005 511 3056 5.
544 3002 613 3076 g)
651 3004 880 3060 Diodor.
914 3007 974 3059 L.
1007 3005 1097 3061 20.
1124 3025 1167 3057 c.
1208 3004 1292 3058 57.
1329 3023 1478 3075 seqq.
1516 3006 1696 3057 Justin
1737 3007 1804 3061 L.

246 3073 335 3155 22.
367 3093 410 3129 ο.
443 3073 515 3196 δὲ
565 3071 632 3198 {a}
664 3074 827 3196 idei}
850 3075 979 3130 ibid.
1021 3077 1065 3142 i)
1107 3085 1341 3129 mortem
1395 3075 1654 3128 describit
1695 3077 1785 3128 Ju-

245 3156 439 3200 stinUS.
523 3185 534 3198 .
640 3187 651 3198 .
686 3164 736 3201 c.
811 3182 828 3201 .
