2048 3786
363 155 391 181 0

361 156 438 213 oO
855 161 1290 218 Ilistoricc

268 359 413 397 nam
455 359 670 419 regnO,
701 337 780 398 ab
819 341 1119 398 Absolone
1151 341 1283 401 filio
1322 340 1601 425 pellitur,
1648 358 1975 426 praeterea

269 430 333 487 in
369 428 672 489 uxoribus
711 430 834 488 suis
874 443 936 489 et
970 431 1034 486 in
1084 452 1207 489 una
1241 428 1387 505 filia,
1436 430 1500 490 id
1532 433 1757 515 probri
1801 457 1976 497 acce-

268 519 394 602 pit,
441 517 613 600 quod
650 520 779 602 ipse
821 518 1119 578 intulerat
1156 518 1408 602 conjugi
1447 520 1700 582 alienae.
1795 525 1975 585 Cete-

268 631 410 667 rum
445 607 662 667 divino
710 608 986 668 Numine
1029 606 1401 669 demissione
1455 609 1730 693 placatO,
1779 615 1974 671 Abso-

268 700 466 756 lonem
503 699 635 757 acie
673 719 1004 780 superans,
1053 699 1121 778 α)
1169 720 1434 782 regnum
1464 701 1758 759 amissum
1791 724 1972 773 recu-

265 789 544 870 peravit:
594 786 773 847 brevi
813 809 968 846 vero
1007 790 1332 846 Salomone
1352 811 1544 870 quem
1575 811 1654 848 ex
1693 792 1988 849 Bathse-.
2038 835 2048 859 ‚-

266 877 346 935 ba
371 875 528 959 justa
566 873 690 956 jam
721 899 920 937 uxore
942 892 1246 959 genuerat
1268 899 1416 959 rege
1448 880 1808 954 constitum,
1845 881 1977 963 ipse

268 967 796 1049 Septvagenarius
857 970 1024 1026 inter
1082 991 1223 1027 rara
1298 964 1602 1028 humanae
1662 966 1976 1029 felicitatis

266 1056 646 1138 virtutisque
686 1055 969 1140 exempla
1009 1055 1450 1133 numeranduS,
1502 1061 1602 1118 40.
1637 1061 1818 1142 regni
1862 1082 1975 1117 an-

262 1167 345 1205 no
384 1145 832 1204 mortalitatem
864 1147 1053 1205 exuit.
1101 1148 1162 1227 b)
1209 1171 1259 1204 a.
1301 1147 1386 1206 M.
1439 1148 1628 1207 2941.

423 1237 716 1292 Salomon
749 1258 799 1291 a.
853 1248 997 1294 ante
1027 1232 1133 1293 Ch.
1173 1237 1356 1296 1006.
1389 1238 1611 1295 tertius
1649 1259 1782 1309 rex,
1824 1238 1976 1294 Da—

260 1324 425 1379 vidis
469 1321 668 1397 filius,
719 1322 915 1383 fratre
968 1345 1080 1383 suo
1141 1326 1391 1382 Adonai
1441 1339 1649 1384 morte
1697 1327 1922 1407 punito
1949 1372 1965 1399 ,

259 1409 504 1495 placide
538 1426 599 1472 et
624 1410 896 1495 gloriose
932 1413 1309 1496 imperabat,
1349 1428 1412 1473 et
1452 1411 1652 1473 donec
1686 1417 1765 1473 ex'
1789 1436 1976 1497 prae-

259 1502 492 1584 scripto
533 1504 891 1586 sapientiae,
940 1524 1128 1584 quam
1160 1502 1452 1563 omnibus
1475 1501 1768 1563 fortunae
1793 1502 1976 1563 bonis

258 1605 788 1676 praeoptaverat,
850 1590 1099 1653 felicem
1138 1595 1336 1652 vitam
1388 1591 1585 1651 duxit.
1634 1592 1693 1673 c)
1740 1592 1975 1653 Hiero*

257 1679 510 1761 solymis
542 1681 675 1742 Deo
714 1696 776 1743 et
817 1682 936 1741 sibi
975 1681 1328 1765 splendidas
1369 1681 1548 1743 aedes
1588 1684 1832 1765 posuit,
1899 1683 1970 1762 d)

255 1786 450 1856 prout
492 1774 556 1829 in
596 1794 794 1854 regno
833 1774 1021 1832 etiam
1058 1771 1284 1831 multas
1330 1772 1522 1832 urbes
1577 1774 1818 1847 erexit,
1871 1770 1975 1832 vel

256 1864 548 1943 antiquas
587 1863 988 1933 restauravit,
1029 1883 1183 1944 quas
1213 1864 1379 1921 inter
1416 1862 1726 1938 Palmyra
1754 1862 1974 1943 Syriae

255 1949 672 2012 celeberrima
734 1964 841 2011 est.
913 1950 1017 2011 Oh
1066 1950 1506 2010 admirabilem
1566 1952 1971 2034 sapientiam,

255 2039 336 2098 ab
392 2040 685 2100 omnibus
721 2055 1037 2102 terrarum
1069 2041 1503 2125 principibus,
1549 2042 1837 2100 certatim
1886 2040 1974 2101 le—

255 2130 615 2210 gationibus
654 2144 718 2192 et
750 2129 929 2191 donis
966 2130 1087 2189 fuit
1121 2130 1426 2202 excultus,
1475 2130 1533 2211 e)
1583 2132 1710 2189 imo
1747 2144 1811 2190 et
1861 2130 1972 2189 Sa-

255 2218 563 2280 baeorum
601 2221 815 2303 regina
867 2243 945 2282 ex
987 2218 1229 2280 Arabia
1278 2219 1459 2280 felice
1522 2242 1666 2280 eum
1712 2221 1970 2295 invisit,

256 2307 560 2391 cujusque
597 2309 988 2370 difficillimas
1032 2312 1393 2392 questiones
1449 2308 1767 2383 dissolvit,
1814 2331 1969 2393 pue—-

256 2421 359 2458 ros
389 2413 452 2459 et
483 2399 718 2482 puellas
757 2399 1104 2483 aequaliter
1158 2404 1443 2474 vestitaS,
1491 2423 1608 2483 per
1664 2397 1968 2481 frigidum

257 2487 552 2549 balneum
585 2489 896 2574 dignovit,
946 2503 1137 2576 prout
1162 2505 1225 2550 et
1262 2488 1481 2550 florem
1503 2486 1855 2549 naturalem
1885 2487 1968 2547 ab

332 2598 349 2604 ‘⁴
1744 2577 1880 2637 aliis

327 2772 386 2841 α)
418 2760 1968 2913 fflfffdtfssge²3>0s{·p11}.⁶{·n51·q.²’u32131133?{fflft‘lsshz‘z

416 2911 479 2963 L.
519 2908 599 2962 13.
646 2931 686 2960 c.
731 2906 818 2960 16.
857 2918 906 2961 et
945 2907 1009 2962 L.
1049 2906 1129 2960 16.
1164 2927 1211 2964 o.
1250 2903 1332 2959 11.
1383 2905 1486 2957 Dio
1512 2906 1722 2958 Cassius
1755 2926 1813 2957 111
1848 2906 1962 2958 Ha—

416 2981 633 3035 driano.
670 2981 732 3032 L.
766 2978 849 3031 69.
922 2979 976 3050 c)
1018 2977 1072 3031 3.
1112 2978 1242 3047 Rrg.
1278 2997 1323 3033 c.
1356 2976 1406 3028 2.
1447 2995 1495 3028 v.
1531 2975 1618 3032 12.
1654 2986 1705 3028 et
1742 2978 1800 3029 C.
1841 2975 1962 3030 3.v.

421 3051 507 3107 13.
543 3050 631 3105 14.
706 3051 765 3119 d)
805 3050 939 3104 ibid.
974 3071 1023 3104 e.
1061 3048 1110 3105 ὁ.
1152 3049 1206 3103 6.
1244 3048 1289 3100 7.
1364 3044 1415 3117 e)
1455 3047 1518 3100 L.
1550 3048 1610 3101 ΙΙ.
1652 3048 1882 3121 Paralip.
1916 3068 1963 3101 c.

418 3122 471 3178 9.
506 3141 555 3176 v.
593 3121 644 3177 1.
673 3141 821 3193 seqq.
860 3120 907 3173 3.
948 3120 1076 3190 Reg.
1116 3141 1162 3172 c.
1198 3118 1278 3174 10.
1311 3137 1362 3173 v.
1410 3116 1461 3174 1.
