2048 3786
299 140 430 201 254
893 148 1303 209 Historia

197 349 296 387 ras
344 344 687 392 occurrunt
719 331 976 394 urbium
1017 348 1257 419 portae,
1295 330 1620 416 magnifice
1663 345 1908 394 exstru-

197 431 352 478 ctae.
400 418 647 482 Plateae
683 421 922 506 ubique
981 426 1158 506 quasi
1209 421 1286 482 ad
1335 416 1614 482 libellam
1681 420 1910 499 factae,

193 529 522 591 nunquam
563 533 598 568 a
628 509 792 573 linea
831 525 1002 572 recta
1024 510 1360 586 declinant,
1398 533 1559 595 quae
1601 510 1748 571 licet
1781 533 1911 571 ma-

192 618 347 679 gnae
399 599 828 683 amplitudinis
877 614 1065 676 sunt,
1102 602 1371 662 arcubus
1422 615 1630 661 tamen
1684 601 1912 659 trium-

195 684 485 771 phalibus
521 702 896 765 nectuntur,
945 692 1057 772 qui
1102 691 1292 751 urbes
1332 711 1631 774 pompose
1666 702 1910 750 ornant.

192 779 451 858 Imperii
490 778 856 861 magnitudo
903 781 1092 839 etiam
1117 782 1248 840 sine
1268 780 1619 839 tributariis
1653 774 1941 862 provin-'

199 868 343 940 ciis,
407 865 845 927 Monarchiam
892 866 1255 928 Austricam
1304 867 1725 952 sexdupplum
1780 867 1916 928 fere

193 968 423 1035 aequat
440 979 468 1028 ;
515 978 661 1014 nam
702 978 1041 1017 numerum
1094 958 1444 1018 incolarum
1488 956 1913 1017 communiter

198 1042 276 1102 ad
318 1046 460 1104 200.
503 1044 813 1105 milliones
869 1061 1235 1122 recensent3
1296 1046 1464 1108 hello
1520 1068 1677 1106 vero
1728 1044 1917 1105 utiles

191 1131 269 1190 ad
309 1153 415 1193 sex
447 1131 755 1193 milliones
788 1147 960 1210 sunt3
1008 1155 1077 1192 ao
1095 1137 1280 1218 proin
1301 1158 1568 1217 regnum
1602 1133 1720 1194 hoc
1758 1132 1912 1193 faci-

193 1219 254 1283 le
272 1224 556 1281 omnium
571 1224 986 1282 vastissimum
1012 1237 1104 1283 est
1130 1247 1146 1300 3
1185 1238 1457 1284 attamen
1479 1238 1796 1283 tantarum
1815 1224 1912 1281 vi-

192 1314 365 1371 rium
411 1313 799 1372 immanitate
833 1312 1063 1395 quibus
1087 1311 1300 1395 pollet,
1347 1336 1672 1397 nunquam
1700 1310 1777 1370 ad
1798 1309 1915 1371 hu·-

191 1402 510 1461 manitatis
545 1402 826 1484 regimen
860 1404 1196 1484 pervenire
1235 1405 1462 1486 potuit,
1509 1403 1810 1486 quoniam
1847 1414 1911 1463 et

191 1487 380 1552 hodie
461 1490 541 1550 ab
599 1494 771 1552 omni
845 1488 1246 1552 humanitatis
1327 1514 1511 1554 sensu
1603 1490 1904 1552 derelicta

193 1584 290 1641 vis
331 1579 647 1663 despotica
687 1578 922 1642 ibidem
952 1581 1323 1665 praevaleat.
1372 1583 1511 1642 Rex
1533 1579 1769 1642 Chinae
1801 1577 1911 1639 ha·-

191 1671 301 1732 bet
335 1669 454 1729 sub
499 1691 564 1731 se
604 1671 1075 1733 Gubernatores
1110 1672 1649 1753 quasiP1²oregeS‚
1694 1669 1910 1753 quales

205 1764 417 1821 Tatan
467 1775 729 1837 vocant,
779 1763 888 1844 qui
931 1758 1116 1821 simul
1140 1775 1210 1820 ut
1231 1760 1679 1843 regniJudices
1731 1758 1912 1844 justi-

193 1852 346 1910 tiam
375 1853 995 1911 maximaseveritate
1011 1849 1470 1911 administrant.
1520 1851 1733 1925 Furta,
1769 1870 1904 1931 quo
1976 1867 1980 1875 ’

188 1939 434 2000 nullum
455 1941 694 2000 crimen
725 1938 824 1999 hic
839 1939 1111 2000 odiosius
1159 1938 1488 2022 est3flagri
1525 1938 1903 2000 verberibus

193 2027 636 2089 crudelissimis
657 2033 1027 2113 puniuntur.
1075 2026 1411 2090 Chinenses
1433 2032 1498 2089 in
1529 2050 1758 2112 genere
1779 2029 1906 2087 Eu-

189 2119 436 2203 ropaeis
483 2133 627 2178 sunt
665 2118 1048 2195 consimile3‚
1080 2119 1203 2178 lata
1244 2117 1437 2194 facie,
1489 2141 1632 2179 rara
1662 2117 1860 2179 barba
1883 2163 1902 2193 ,

193 2223 256 2269 et
297 2210 509 2292 parvis
549 2208 760 2268 oculis.
809 2210 1152 2270 Rarissime
1193 2231 1268 2269 ex
1306 2210 1507 2291 patria
1553 2222 1722 2269 terra
1756 2228 1904 2268 exe-

188 2312 306 2359 unt
330 2344 345 2373 ‚
392 2319 506 2358 nec
546 2295 725 2359 facile
766 2313 1054 2360 exterum
1097 2297 1418 2358 hominem
1449 2300 1900 2383 peregrinum,

188 2389 564 2472 praeprimis
605 2388 682 2448 ad
721 2390 1025 2450 interiora
1065 2391 1280 2471 regni,
1328 2391 1461 2449 sine
1507 2385 1759 2449 indultu
1797 2409 1901 2447 re·-

185 2481 278 2560 gis
322 2475 678 2538 admittunt.
725 2482 797 2543 In
836 2476 1230 2554 Meohanica,
1278 2479 1611 2560 omnisque
1649 2478 1897 2561 generis

187 2565 570 2628 conficienda
603 2567 990 2653 supellectile
1021 2568 1176 2630 adeo
1212 2584 1357 2630 sunt
1388 2566 1572 2628 nitidi
1597 2581 1660 2629 et
1681 2586 1900 2652 prom-

189 2659 238 2717 ti
258 2703 276 2733 ,
325 2671 394 2716 ut
431 2679 586 2741 opus
617 2681 745 2720 non
781 2673 908 2718 tam
954 2658 1380 2724 manufactum
1406 2705 1422 2734 ,
1466 2680 1655 2740 quam
1714 2679 1748 2719 a
1786 2678 1899 2714 na-

190 2760 331 2807 tura
367 2746 747 2832 productum
766 2746 1094 2810 videatur:
1138 2749 1276 2809 ideo
1312 2748 1593 2808 Lusitani
1634 2767 1763 2804 non
1787 2767 1898 2803 va-

187 2857 267 2897 ne
306 2835 504 2897 multa
545 2835 622 2898 de
661 2839 992 2922 sagacitate
1017 2836 1419 2902 Chinensium
1440 2836 1740 2898 scribunt.
1769 2834 1893 2909 Hie

189 2927 463 2987 maxime
502 2928 719 3010 vigent
765 2931 1177 2990 mercimonia
1240 2942 1627 2999 aromatum,
1675 2926 1899 3007 impri-

188 3036 342 3076 vero
397 3017 620 3095 serici,
669 3031 730 3080 et
779 3018 1209 3102 porcellanae3
1276 3040 1355 3079 ex
1416 3015 1689 3079 Malacca
1730 3015 1899 3075 enim

1750 3117 1812 3165 et
