2048 3786
1648 222 1684 279 9

82 382 383 456 ΠΗίείῑιε,
429 379 539 440 ubi
592 377 903 463 Apollinis
945 377 1266 442 oraculum
1299 378 1433 439 fuit.
1489 382 1582 440 15.
1631 380 1777 437 Ha-

81 474 487 530 licarnassus
553 472 651 528 14.
700 470 1202 545 Phylaclelplzia,
1251 468 1470 528 Turcis
1534 470 1779 525 Civitas

77 561 224 617 Dei.
286 561 381 626 15,
431 560 696 629 SardeS,
745 558 810 614 in
845 556 1019 640 cujus
1059 560 1382 617 vicinitate
1427 558 1668 633 Tyria,
1715 568 1779 614 et

78 650 398 723 Laodicea
441 660 546 706 est.
606 645 700 705 16.
745 647 1045 704 Colossae.
1090 650 1185 705 17.
1234 647 1537 723 Ancyra,
1571 646 1635 701 in
1670 663 1781 701 cu·-

79 734 173 817 jus
221 737 455 819 campis
490 732 894 793 Tamerlanus
942 733 1288 816 Bajazetem
1336 757 1387 792 a.
1430 730 1537 790 Ch.
1563 782 1566 786 .
1593 734 1777 792 1402.

79 825 232 881 vicit
272 835 335 882 et
369 824 551 905 cepit.
605 824 700 882 18.
741 823 982 897 Sinope.

235 911 302 990 b)
355 910 678 970 AMASIA
704 909 856 970 olim
887 912 1179 992 Regnum
1203 913 1461 985 Pontus,
1510 924 1573 969 et
1619 912 1782 986 Cap-

69 1003 349 1076 padocia
382 1013 520 1059 ‘erat
547 1022 562 1075 3
607 997 816 1058 Urbes
851 996 1040 1060 habet
1090 1003 1139 1058 l.
1170 1000 1505 1057 „Amasiam
1530 1046 1544 1072 ,
1599 1001 1784 1056 Stra-

78 1091 250 1147 bonis
300 1087 502 1147 solum
556 1086 775 1150 natale.
829 1092 882 1148 2.
950 1092 1453 1147 Neocaesaream
1512 1109 1618 1148 seu
1668 1089 1784 1143 To-

79 1190 265 1253 cata,
325 1198 523 1260 prope
577 1178 805 1236 visitur
870 1180 1280 1234 Naziansam.
1351 1179 1404 1238 5.
1466 1179 1785 1251 Trapesas

78 1264 505 1340 Trebizende,
553 1264 820 1325 condam
850 1280 1041 1348 caput
1080 1264 1210 1349 ejus
1251 1268 1521 1325 'nominis
1567 1266 1784 1345 regni«,

82 1354 255 1438 quod
319 1357 580 1428 evertit,
639 1376 672 1411 a
727 1349 835 1411 Ch.
907 1356 1093 1414 1450.
1156 1352 1537 1415 Mahometes
1593 1355 1668 1412 ΙΙ.
1721 1355 1781 1412 4.

79 1445 370 1502 Amisum
409 1464 518 1502 seu
560 1445 788 1500 Sisimo
829 1441 938 1501 ubi
994 1445 1409 1501 llffitlzriclatis
1461 1444 1649 1525 Regis
1683 1463 1784 1502 re—

79 1531 346 1592 sidentia
379 1529 517 1589 fuit.
573 1531 625 1589 5.
670 1531 1118 1606 Sebastopolim

239 1620 299 1698 c)
346 1617 920 1678 CARAMANNIA
966 1617 1227 1678 condam
1282 1623 1597 1695 Ciliciam,
1644 1621 1785 1695 Ly·-

80 1711 403 1779 caoniam,
455 1711 805 1779 Pisidiam,
853 1709 1305 1784 Pamphyliam
1332 1754 1347 1782 ‚
1402 1723 1466 1769 et
1508 1712 1785 1784 Lyciam

81 1794 656 1878 complectebatur,
724 1797 1019 1877 proprios
1102 1794 1373 1856 habebat
1457 1798 1786 1880 Principes

83 1879 281 1943 donec
320 1907 354 1941 a
398 1884 619 1942 Turcis
682 1882 1095 1966 subigeretur.
1144 1886 1444 1945 Civitates
1498 1900 1672 1944 sunt:
1726 1887 1783 1943 1.

82 1971 578 2050 Iconiamcogni,
619 1969 788 2032 sedes
833 1973 1064 2032 Bassae.
1120 1977 1172 2032 2.
1230 1975 1466 2031 Tarsus
1508 1972 1585 2032 ad
1622 1970 1787 2054 Cyd-

84 2082 235 2120 num
275 2059 570 2135 fluvium,
633 2061 743 2119 ubi
799 2061 1162 2118 Alexander
1221 2065 1312 2119 M.
1361 2065 1526 2122 vitae
1568 2060 1787 2121 discri-

82 2170 227 2208 men
261 2149 467 2209 subiit.
515 2152 569 2209 5.
618 2153 793 2208 Issus
838 2173 869 2206 a
903 2149 1092 2209 Clade
1133 2152 1341 2207 Darii
1388 2151 1672 2212 celebris.
1723 2153 1781 2212 4.
1863 2141 1872 2147 ⁷

84 2240 452 2297 Antioclzici.-
516 2239 570 2297 5.
609 2240 877 2296 Sabalia.

247 2325 314 2407 d)
361 2325 805 2386 ALADULIA
851 2350 959 2387 seu
1012 2326 1314 2388 Armenia
1352 2330 1577 2387 minor.
1638 2348 1785 2412 pro-

87 2415 258 2496 prios
293 2437 473 2498 reges
511 2413 732 2475 habuit
764 2437 961 2499 usque
1008 2420 1304 2474 Selimzcm
1335 2419 1379 2476 I.
1433 2419 1784 2477 Turcarum

86 2502 694 2565 Sult.Me1-idionalis
731 2527 879 2587 pars
902 2505 1267 2587 Alleppensi
1308 2508 1608 2589 Satrapae
1640 2505 1787 2566 sub-

84 2604 190 2651 est.
238 2592 785 2676 septemtrionalis
843 2591 1031 2655 habet
1085 2595 1329 2654 Urbem
1391 2599 1784 2668 Malatiam‚

84 2693 147 2739 et
179 2685 510 2763 proprium
546 2683 883 2765 Satrapam.
979 2685 1101 2742 Hic
1158 2682 1316 2744 duae
1363 2684 1612 2764 insulae,
1643 2696 1786 2742 sunt

85 2767 359 2830 celebres
390 2775 434 2829 Ι.
494 2774 744 2848 Cyprus
783 2774 989 2854 primo
1050 2775 1342 2854 proprios
1401 2771 1619 2831 habuit
1661 2773 1785 2830 Ro-

86 2877 229 2937 geS,
276 2859 505 2941 quibus
551 2860 913 2918 Alexander
954 2863 1045 2919 M
1094 2864 1416 2937 successit,
1479 2860 1625 2920 dein
1661 2860 1787 2920 Ae-

85 2949 282 3028 gyptii
307 2993 323 3020 ,
370 2948 659 3020 Romani,
685 2947 911 3030 Angli,
938 2947 1167 3007 familia
1207 2950 1441 3009 Gallica
1483 2951 1785 3031 Lusigna«

82 3054 197 3109 na,
250 3035 518 3112 Veneti,
588 3036 836 3098 tandem
885 3061 935 3095 a.
993 3036 1099 3098 Ch.
1165 3040 1348 3099 1571.
1396 3038 1781 3098 Ottomanni.

1509 3128 1698 3189 Prae—
