2048 3786
329 174 450 232 122
891 179 1311 235 Historia

239 350 678 435 Astrologiam
705 350 990 418 homines
1014 356 1383 419 docuerunt.
1420 358 1486 438 α)
1510 360 1756 416 Plinius
1799 359 1970 419 enim

233 443 444 525 ipsum
486 446 559 501 N
558 445 922 504 embrodam
945 469 1053 507 seu
1089 451 1322 508 Belum
1339 448 1401 529 b)
1432 447 1731 507 Sideralis
1762 449 1965 507 scien-

231 534 354 592 tiae
394 534 796 594 inventorem
822 534 1001 612 facit,
1049 559 1164 597 nec
1190 539 1512 599 immerito
1553 537 1966 596 Nimbrodam

228 625 465 680 artium
504 637 567 682 et
605 626 1012 685 scientiarum
1051 630 1331 710 peritum
1400 625 1753 688 credimus:
1818 648 1964 685 nam

231 711 399 770 idem
438 710 667 773 author
710 711 906 774 factus
939 730 1031 776 est
1060 719 1287 777 ceteris
1308 732 1378 778 ut
1414 715 1958 790 coctislateribuS,

227 800 620 885 collectoque
668 803 1017 879 bitumine,
1067 806 1296 868 urbem
1325 854 1340 882 ,
1390 821 1453 868 et
1494 828 1772 866 summae
1819 804 1963 863 alti-

228 890 464 950 tudinis
509 895 740 953 turrim
798 897 1185 971 excitarent,
1247 895 1644 957 fortitudinis
1692 909 1754 957 et
1803 916 1960 978 pru-

226 980 476 1041 dentiae
515 1003 659 1044 suae
707 1006 989 1067 perenne
1052 987 1533 1048 monimentum.
1608 988 1954 1044 Zoroaster

225 1070 712 1132 Bactrianorum
760 1096 877 1133 rex
914 1096 949 1131 a
992 1077 1159 1133 Nino
1198 1075 1472 1136 domitus
1496 1123 1511 1149 ,
1545 1073 1782 1134 dicitur
1820 1075 1957 1157 pri-

225 1181 363 1220 mus
406 1161 678 1243 'Magicas
712 1177 878 1222 artes
910 1165 1221 1226 invenisse
1245 1211 1260 1240 ,
1322 1180 1381 1226 et
1428 1163 1722 1224 Siderum
1752 1177 1959 1222 motus

221 1251 526 1309 curiosius
566 1266 912 1335 spectasse,
960 1275 1153 1335 quem
1192 1268 1400 1314 tamen
1433 1254 1538 1312 alii
1586 1254 1787 1313 multo
1848 1274 1962 1336 po-

219 1341 557 1400 steriorem
601 1344 769 1399 Nino
811 1339 1001 1403 fuisse
1049 1342 1313 1420 volunt3
1353 1342 1518 1404 unde
1563 1345 1753 1403 etiam
1812 1344 1958 1400 Sai-

224 1432 342 1488 das
383 1428 538 1489 duos
580 1432 961 1490 Zoroastres
1001 1447 1348 1509 memorat,
1397 1435 1526 1494 imo
1570 1447 1642 1494 ut
1672 1433 1955 1493 Historia

217 1517 435 1580 docet:
484 1518 672 1603 longe
698 1521 916 1604 plures
943 1518 1060 1582 hoc
1084 1526 1342 1584 nomine
1363 1525 1645 1605 insigniti
1665 1524 1724 1604 c)
1755 1534 1953 1585 erant.

216 1610 517 1671 Ceterum
551 1613 684 1693 ipse
724 1613 1133 1671 Abrcclzamzcs
1168 1613 1445 1695 Assyriis
1467 1612 1795 1674 literarum
1829 1610 1957 1673 ele-

214 1703 443 1760 mentis
480 1716 797 1778 assvetus,
857 1700 1009 1761 dum
1067 1702 1145 1762 ad
1206 1701 1605 1765 Chananaeos
1658 1702 1955 1776 accessit,

216 1791 409 1851 etiam
433 1789 523 1849 ibi
561 1788 692 1874 ejus
726 1793 975 1875 generis
1018 1791 1222 1856 literis
1260 1816 1404 1854 usus
1445 1807 1567 1868 est,
1618 1806 1682 1853 et
1733 1788 1952 1854 earum

215 1902 400 1939 usum
447 1903 661 1963 neque
699 1883 937 1966 posteri
982 1882 1388 1966 abjecerunt,
1430 1881 1629 1943 donec
1667 1884 1733 1942 in
1767 1878 1951 1942 Chal-

213 1967 371 2031 daea
413 1972 653 2055 captivi
699 1974 933 2055 primas
973 1970 1327 2054 Assyriacas
1352 1973 1564 2033 literas
1602 1993 1955 2056 resumpse-

212 2073 380 2119 runt.
420 2057 611 2144 Apud
649 2060 948 2143 Assyrios
974 2075 1037 2122 et
1078 2062 1458 2144 Babylonios
1501 2059 1793 2123 Chaldaei
1835 2084 1948 2119 an-

213 2151 378 2233 tiqui
421 2151 487 2231 d)
535 2172 680 2211 eum
716 2150 1007 2212 ordinem
1055 2154 1119 2211 in
1178 2152 1506 2235 republica
1561 2165 1943 2226 tenuerunt,

212 2262 403 2322 quem
436 2239 805 2302 Sacerdotes
842 2241 1185 2327 Aegyptii,
1237 2244 1519 2304 Deorum
1571 2242 1784 2302 Cultui
1832 2238 1942 2298 ad-

211 2328 399 2408 dicti3
448 2353 726 2413 quorum
758 2354 984 2392 munus
1027 2349 1165 2394 erat
1208 2355 1322 2417 per
1356 2356 1541 2394 omne
1566 2348 1809 2416 tempus
1843 2332 1940 2390 vi·-

210 2434 308 2481 tae
377 2418 849 2504 philosophari,
943 2426 1478 2507 praecipuamque
1523 2422 1793 2506 gloriam
1853 2442 1935 2480 ex

209 2509 580 2594 Astrologia
617 2510 916 2596 adipisci3
987 2512 1155 2575 unde
1215 2516 1403 2573 etiam
1454 2513 1640 2597 longe
1700 2509 1938 2572 tardius

206 2600 546 2683 Magorum
584 2623 745 2660 unus
785 2604 1151 2664 Alexandro
1192 2600 1604 2686 Babyloniam
1636 2601 1938 2663 festinan-

206 2692 256 2750 ti
291 2691 614 2775 praedixit
649 2688 813 2750 hunc
840 2694 896 2751 ei
931 2692 1141 2755 locum
1175 2693 1311 2755 fore
1351 2691 1599 2755 fatalem
1620 2741 1635 2768 ,
1675 2713 1938 2752 monens

1771 2806 1851 2842 ne

281 3011 342 3086 a)
379 3013 558 3068 Clem.
596 3013 750 3065 Alex.
782 3031 840 3084 p.
864 3009 984 3064 306.
1009 3008 1063 3080 b)
1096 3011 1165 3068 L.
1193 3010 1302 3063 6.c
1308 3010 1444 3068 .26.
1461 3009 1513 3080 c)
1553 3011 1772 3064 Bruker
1789 3012 1932 3066 Hist.

372 3082 1078 3210 grgtd(jlghiios}phg·gb·1.
1116 3084 1178 3140 L.
1216 3081 1306 3139 11.
1346 3104 1395 3141 c.
1435 3082 1517 3136 11.
1550 3085 1596 3153 §.
1629 3082 1678 3136 9.
1709 3103 1820 3156 seq.
1868 3084 1930 3151 d)
