2048 3786
323 192 401 251 42
868 194 1299 255 Historia

236 378 433 436 coacti
465 391 624 438 sunt.
674 379 1033 464 Interrupta
1081 378 1423 441 aedificatio
1464 381 1670 439 Babel
1694 401 1922 441 nomen

224 466 533 542 obtinuit,
603 468 710 528 ubi
762 467 997 528 tardius
1048 472 1345 545 Babylon
1403 469 1554 529 urbs
1607 483 1922 529 exstructa

223 569 332 614 est.
381 555 439 616 A
477 559 686 639 primo
722 560 931 641 itaque
965 557 1286 619 domicilio
1309 558 1768 621 discedentibus
1810 560 1926 616 tri—

220 643 338 704 bus
379 649 511 704 Noe
553 643 728 720 filiis,
791 669 901 708 seu
956 648 1073 707 Dei
1120 649 1417 726 oraculo,
1465 650 1532 730 a)
1579 670 1687 707 seu
1730 649 1926 730 patris

221 734 522 810 consiliO,
570 757 678 796 seu
719 751 1058 820 spontanea
1101 736 1441 815 electione,
1489 753 1614 798 tres
1645 738 1925 796 universi

221 821 396 884 orbis
427 837 635 907 partes
677 824 1054 888 distributae
1093 841 1200 886 aut
1225 842 1561 912 occupatae
1595 839 1753 885 sunt.
1806 828 1924 883 Se-

221 934 318 969 mo
360 915 680 998 principes
733 915 917 975 Asiae
964 916 1322 997 portioneS,
1383 919 1616 976 Chamo
1665 912 1923 989 Afriae,

216 1002 488 1080 Japlzeco
517 1003 804 1088 Europae
844 1003 1260 1066 obvenerunt.
1333 1006 1427 1067 De
1473 1001 1771 1065 America
1796 1050 1811 1077 ,
1851 1004 1928 1061 li-

220 1106 320 1151 cet
347 1106 591 1152 ceterae
628 1098 745 1153 toti
782 1108 988 1155 terrae
1038 1116 1167 1154 non
1199 1109 1443 1155 tantum
1471 1091 1927 1177 magnitudine,

217 1179 324 1240 sed
368 1183 570 1241 omnis
604 1186 851 1264 generis
908 1181 1145 1242 divitiis
1191 1183 1372 1245 facile
1409 1184 1693 1268 aequali,
1744 1185 1808 1241 in
1864 1183 1924 1241 S.

217 1270 451 1330 Literis
492 1292 740 1354 semper
786 1272 982 1331 altum
1031 1285 1123 1331 est
1191 1273 1526 1334 silentium.
1631 1273 1926 1332 Ceterum

219 1372 360 1442 post
395 1357 882 1442 dispersionem,
931 1357 1214 1423 homines
1263 1375 1334 1421 ut
1375 1385 1454 1422 ex
1487 1361 1738 1420 familiis
1774 1383 1929 1444 pau-

222 1447 399 1508 latim
438 1450 504 1509 in
537 1451 803 1533 populos
835 1464 899 1511 et
928 1450 1212 1511 nationes
1249 1451 1646 1524 crescebant,
1694 1452 1782 1510 ita
1824 1449 1927 1510 vel

219 1552 441 1621 sponte
472 1560 599 1614 sua,
648 1541 747 1600 vei
784 1538 1072 1614 fortuite,
1119 1539 1221 1601 vel
1252 1541 1537 1601 locorum
1572 1554 1795 1600 natura
1832 1542 1930 1598 in—

217 1626 423 1706 ducti3
470 1627 547 1687 ad
597 1631 774 1689 varia
825 1632 992 1690 vitae
1025 1649 1254 1711 genera
1294 1629 1704 1692 devenerunt.
1798 1630 1922 1702 Qui

220 1720 286 1776 in
316 1717 661 1800 Babylonia
702 1719 870 1780 unde
902 1722 1201 1799 migratio
1238 1734 1459 1805 coepta
1501 1734 1610 1795 est,
1657 1719 1924 1802 aliisque

219 1808 408 1868 Asiae
439 1823 841 1891 temperatae,
889 1823 953 1870 et
972 1812 1257 1894 *Aegypti
1277 1809 1593 1870 fertilibus
1612 1810 1798 1870 terris
1833 1831 1926 1869 se-

219 1897 324 1957 des
366 1912 713 1981 ceperant,
761 1898 1094 1984 paulopost
1136 1901 1201 1958 in
1225 1899 1444 1961 civiles
1484 1901 1829 1972 societateS,
1865 1913 1929 1959 et

222 2009 418 2069 parva
451 2010 643 2071 regna
677 1988 1082 2065 coaluerunt,
1124 1988 1374 2050 stabiles
1408 1989 1530 2049 sibi
1564 1987 1799 2062 domOS,
1830 1990 1926 2047 vi-

220 2097 324 2135 cos
347 2091 408 2137 et
428 2077 614 2137 urbes
645 2076 1098 2156 condiderunt,
1145 2079 1584 2162 agriculturae,
1612 2079 1928 2142 omnium-

222 2188 348 2248 que
412 2168 812 2228 inventarum
850 2183 993 2229 ante
1034 2167 1348 2228 diluvium
1383 2171 1613 2227 artium
1641 2216 1655 2244 ,
1702 2189 1855 2250 quas
1890 2190 1923 2224 a

221 2258 490 2331 Noemo,
539 2254 796 2340 ejusque
843 2257 986 2318 filiis
1021 2257 1391 2333 didicerant,
1432 2280 1612 2317 usum
1634 2274 1695 2318 et
1742 2280 1924 2319 exer-

221 2346 443 2405 citium
478 2350 899 2407 retinuerunt.
949 2347 1075 2407 Alii
1110 2371 1265 2408 vero
1284 2346 1471 2408 abhis
1494 2347 1738 2431 longius
1777 2370 1928 2431 pro-

222 2437 453 2516 gressi,
503 2458 701 2519 quum
739 2450 800 2497 et
842 2439 905 2495 in
948 2437 1083 2498 loca
1126 2441 1330 2499 minus
1352 2432 1584 2499 fertilia
1630 2439 1926 2520 perveni-

221 2539 401 2599 rent,
475 2541 539 2586 et
606 2529 904 2587 continua
965 2533 1356 2612 separatione
1418 2527 1795 2612 plerumque
1845 2526 1922 2585 ad

222 2637 416 2696 pauca
451 2617 653 2700 capita
685 2615 1080 2694 reciderent,
1127 2619 1432 2703 neglectO,
1469 2632 1576 2677 aut
1610 2617 1920 2677 oblivioni

222 2703 368 2764 dato
407 2703 660 2788 frugum
694 2706 898 2783 cultri,
948 2710 1178 2793 partim
1217 2710 1544 2795 pecuariae
1576 2710 1667 2770 rei
1694 2729 1920 2766 curan-

1729 2796 1844 2856 dae

293 2987 350 3059 a)
390 2988 658 3058 ¹Iosephus
693 2989 876 3059 Antiq.
913 2988 1036 3040 Jud.
1071 2989 1137 3044 L.
1172 2992 1212 3041 Ι.
1268 3010 1311 3042 c,
1357 2991 1402 3042 5.
1443 2990 1647 3042 Chron.
1682 2989 1923 3041 Alexan-

378 3058 1118 3184 ssgprtllltgllhxlplgiuihtlhgggli
1152 3060 1394 3115 Raderus
1417 3061 1471 3114 S.
1513 3063 1548 3114 l.
1582 3060 1674 3114 fol.
1700 3061 1782 3114 56.
1806 3079 1915 3132 seq.
