2048 3786
523 177 1196 233 Atheniensium.
1522 179 1644 240 295

44 352 286 416 debent.
337 351 503 435 Lege
534 349 682 427 hae,
717 350 1252 434 frequentissimae
1313 347 1521 411 classis
1558 352 1762 415 favo-'

42 466 176 504 rem
216 443 484 501 lucratus
525 455 631 502 est.
679 441 755 498 II.
801 439 1158 501 Archontes
1202 443 1264 497 in
1300 460 1404 498 sua
1429 438 1735 521 dignitate

47 532 361 615 permisit,
408 531 635 612 quibus
673 542 876 590 tamen
901 527 978 588 ad
1012 527 1472 610 rempublicam
1511 530 1744 607 guber—

50 619 314 679 nandam
376 622 519 680 400.
588 617 920 679 Senatores
966 614 1278 698 adjunxit:
1330 617 1440 697 qui
1489 617 1746 699 singulis

52 711 225 767 annis
254 707 471 792 populi
505 704 811 768 electione
845 704 1281 780 mutabantur3
1329 718 1392 764 et
1426 705 1743 787 quidquid

49 799 112 854 in
155 799 421 857 comitiis
459 794 690 876 populo
731 790 1209 877 proponendum
1239 805 1370 852 erat
1394 835 1410 864 ‚
1459 791 1521 850 id
1563 799 1742 877 prius

46 884 299 944 Senatui
356 881 588 943 deferri
630 880 818 963 jussit.
890 884 999 940 ΙΙΙ.
1048 881 1360 962 Populum
1426 894 1628 941 totum
1680 885 1746 942 in

44 987 314 1054 quatuor
359 971 589 1031 Classes
630 971 873 1031 ratione
916 969 1277 1029 facultatum
1308 968 1538 1028 divisit.
1588 972 1745 1031 Tres

48 1063 325 1143 priores,
372 1059 446 1118 ad
488 1061 880 1141 magistratus
916 1073 977 1118 et
1017 1061 1208 1118 officia
1261 1058 1508 1141 publica
1549 1058 1751 1118 admi-

46 1152 125 1207 sit
151 1196 165 1223 ,
213 1150 495 1210 ultimam
539 1162 608 1207 ut
640 1151 1103 1233 pauperrimam
1124 1147 1203 1206 ab
1230 1146 1326 1205 his
1354 1150 1600 1228 penitus
1640 1171 1748 1208 ex—

51 1237 399 1298 cludendo:
448 1240 547 1296 cui
591 1251 796 1298 tamen
836 1251 1186 1298 ceterarum
1231 1234 1419 1295 modo
1463 1237 1527 1293 in
1555 1239 1750 1297 comi-

46 1328 129 1384 tia
182 1325 521 1398 veniendi,
563 1326 780 1407 ibique
826 1325 921 1409 jus
973 1323 1383 1384 concludendi
1428 1329 1745 1386 concessit.

47 1413 232 1476 Unde
272 1430 469 1498 patet:
521 1412 676 1473 hanc
699 1413 951 1475 classem
973 1428 1043 1473 ut
1079 1415 1546 1497 pauperrimam
1573 1461 1588 1488 ,
1637 1413 1744 1474 sed

44 1503 226 1561 simul
273 1506 801 1586 copiosissimam,
861 1505 1205 1564 maximum
1253 1505 1316 1560 in
1378 1500 1745 1563 definiendis

45 1593 311 1673 publicis
331 1594 595 1674 negotiis
643 1589 1264 1651 influxumhabuisse.
1314 1589 1495 1662 Quod
1521 1591 1744 1652 adver-

40 1694 177 1740 tens
211 1684 621 1754 AnacharsiS,
671 1683 951 1739 Solonem
992 1682 1305 1740 monuisse
1351 1678 1586 1739 fertur:
1635 1681 1744 1738 Sa—

42 1770 360 1853 pientibus
402 1768 700 1828 duntaxat
742 1768 1176 1844 consultandi,
1222 1768 1406 1828 fatuis
1441 1790 1594 1828 vero
1634 1767 1743 1828 de—

41 1858 341 1918 cernendi
388 1856 525 1940 jura
549 1857 629 1916 ab
664 1879 738 1918 eo
778 1878 905 1918 esse
930 1857 1162 1917 relicta.
1213 1857 1314 1918 Ob
1363 1879 1552 1938 quam
1593 1857 1743 1936 Scy-

41 1943 180 2006 thae
214 1948 601 2020 sententiam,
647 1945 960 2031 Areopagi
982 1945 1278 2005 tribunali
1303 1947 1629 2028 pristinam
1647 1945 1744 2003 di-

42 2038 341 2116 gnitatem
391 2036 701 2113 restituit,
771 2038 956 2118 eique
1002 2057 1216 2094 curam
1269 2035 1741 2117 gubernationis

37 2122 322 2184 credidit.
375 2123 617 2184 Verum
658 2124 806 2205 quia
844 2146 958 2207 per
995 2121 1150 2183 hanc
1185 2124 1694 2184 constitutionem
1722 2168 1737 2196 ,

44 2212 309 2295 populus
356 2234 711 2295 supremam
744 2227 1113 2296 potestatem
1165 2234 1359 2296 porro
1399 2214 1738 2287 retineret3

44 2299 182 2360 ideo
223 2303 626 2359 Anacharsis
659 2299 822 2383 leges
858 2299 1356 2374 Atheniensium,
1406 2301 1562 2361 telae
1602 2324 1739 2358 ara-

40 2411 300 2448 nearum
336 2411 698 2471 comparare
729 2413 857 2451 non
901 2388 1250 2463 dubitavit,
1299 2413 1452 2471 quae
1499 2404 1738 2448 tantum

41 2499 278 2536 muscas
323 2476 687 2553 fascinaret,
727 2502 760 2536 a
793 2482 998 2562 vespis
1033 2494 1239 2539 autem
1286 2479 1540 2561 impune
1580 2479 1738 2538 lace-

39 2580 348 2625 rarentur.
427 2566 670 2625 Verum
707 2564 819 2627 hae
882 2568 1082 2650 legeS,
1139 2570 1251 2628 etsi
1305 2571 1610 2627 maximos
1672 2570 1735 2624 in

42 2657 215 2711 omni
241 2676 469 2736 genere
489 2655 657 2714 viros
674 2654 1110 2738 produxerint,
1134 2671 1337 2714 tamen
1360 2679 1555 2737 quum
1570 2678 1736 2713 sum-

40 2765 202 2800 mam
241 2756 608 2826 potestatem
648 2744 710 2800 in
729 2745 1014 2804 manibus
1048 2744 1246 2827 plebis
1284 2744 1735 2825 relinquerent,

42 2830 224 2891 brevi
275 2830 752 2915 Rempublicam
816 2836 996 2892 novis
1056 2833 1256 2891 turbis
1313 2833 1730 2892 involverunt.

40 2921 179 2991 Quo
225 2934 508 3004 tempore
539 2920 718 2980 Cives
757 2923 1095 2981 successive
1135 2921 1211 2980 de
1246 2923 1567 3003 regiminis
1604 2919 1733 2979 for—

38 3031 135 3066 ma
179 3007 339 3069 haud
392 3011 872 3084 convenienteS,
914 3009 1279 3094 legibusque
1335 3013 1576 3068 Solonis
1614 3013 1731 3069 mi-

1550 3122 1644 3157 ni-
