2048 3786
392 103 517 176 526
933 113 1360 173 Historia.

457 283 767 368 Equidem
806 285 991 372 longe
1033 291 1217 351 aliam
1253 290 1476 351 faciem
1523 288 1729 353 induit
1770 291 1999 374 Spatad

295 401 374 437 na
428 374 809 459 Respublica
829 393 972 462 post
1009 382 1302 457 Lycurgi
1333 378 1818 463 legislationem3
1859 403 2004 440 nam

294 490 373 528 ex
418 479 548 526 tota
586 463 717 549 ejus
751 471 1212 550 organisatione
1229 484 1442 553 suapte
1462 483 1668 554 patet:
1720 491 1863 530 eum
1887 491 2001 530 vo-

291 559 478 620 luisse
517 576 595 616 ex
641 553 963 639 Spartanis
999 580 1188 619 unam
1217 558 1535 634 familiam,
1583 580 1846 641 eamque
1884 559 2005 618 mi-

292 649 542 710 litarem
578 643 870 707 formare.
921 649 1130 721 Quare
1161 651 1371 733 quivis
1390 647 1808 710 enthusiasmo
1833 643 2004 708 affla-

292 755 391 798 tus
416 782 432 808 ,
480 747 750 795 mortem
772 736 1117 798 virtuosam
1152 753 1216 799 et
1239 736 1577 814 honestam,
1624 736 1792 798 vitae
1825 739 2004 819 igno-

291 828 593 893 miniosae
642 822 1117 906 praeferendam
1152 848 1281 888 esse
1325 827 1610 890 ducebat.
1660 824 1845 887 Unde
1893 824 2001 887 he·-

291 917 464 977 roica
524 933 746 973 eorum
795 911 955 973 facta
995 916 1297 999 explicari
1332 915 1513 978 facile
1557 929 1832 1001 possunt.
1898 915 2000 974 Sic

291 1007 445 1065 dum
490 998 748 1085 quidam
783 1001 971 1063 Persa
1010 1003 1087 1062 ad
1129 1019 1443 1066 terrorem
1468 1007 1791 1090 Spartanis
1827 1006 2005 1063 incu—

291 1093 578 1159 tiendum·
609 1087 962 1175 proferret:
1013 1093 1228 1153 Persas
1269 1107 1506 1154 tantam
1538 1096 1782 1177 copiam
1816 1095 2004 1176 sagit—

290 1199 498 1244 tarum
538 1181 604 1239 in
653 1200 862 1262 pugna
901 1185 1192 1265 proxima
1232 1183 1613 1255 vibraturOS,
1654 1197 1726 1242 ut
1754 1182 1846 1242 sol
1889 1182 2006 1242 ob-

287 1269 680 1333 scuraretur!
726 1267 806 1328 ad
841 1270 1014 1353 quod
1070 1273 1417 1355 Spartanus
1478 1293 1778 1355 generose
1822 1294 2009 1356 repo-

290 1366 451 1424 suit:
498 1382 574 1424 eo
628 1356 852 1420 melius
898 1363 1049 1442 quia
1105 1363 1222 1421 sub
1272 1362 1500 1421 umbra
1561 1362 2002 1445 pugnabimus

288 1456 448 1533 Agis
486 1453 626 1512 Rex
659 1446 875 1509 solitus
916 1464 1050 1510 erat
1083 1449 1316 1526 dicere,
1365 1452 1707 1536 Spartanos
1739 1473 1867 1510 non
1909 1452 2007 1508 in·-

291 1559 615 1624 terrogare
661 1554 901 1623 quanta
970 1541 1050 1600 sit
1094 1539 1370 1602 hostium
1424 1539 1821 1602 multitudo?
1891 1538 2012 1600 sed'

290 1634 496 1693 ubisit
520 1628 710 1690 hostis
733 1630 764 1690 ἶ)
788 1664 874 1674 -—
895 1627 1071 1690 Idem
1093 1631 1475 1714 interoganti
1501 1630 1780 1691 cuidam:
1801 1652 2007 1714 quan--

289 1740 385 1782 tus
431 1724 512 1783 sit
560 1740 859 1781 numerus
913 1720 1417 1804 Spartanorum?
1479 1723 1790 1805 reposuit:
1861 1732 2007 1780 ante

288 1834 564 1899 pugnam
602 1813 800 1892 pauci,
841 1810 949 1871 sed
987 1813 1051 1869 in
1076 1833 1286 1895 pugna
1330 1810 1668 1874 admodum
1703 1808 1886 1869 multi
1909 1811 2007 1867 vi-

288 1902 534 1964 dentur.
584 1898 715 1960 Nec
763 1901 994 1962 mirum
1023 1947 1039 1975 ,
1086 1908 1237 1983 quia
1298 1899 1596 1986 intrepidi
1639 1921 1760 1984 pro
1809 1897 2005 1961 salute

286 1995 528 2078 patriae
592 2010 876 2072 pugnare
940 1990 1265 2069 solebant3
1312 2014 1457 2051 nam
1508 1990 1689 2051 miles
1744 1985 2004 2072 quidam

293 2084 635 2166 Spartanus
673 2077 990 2142 lethaliter
1013 2079 1398 2156 vulneratus,
1443 2078 1596 2140 dum
1632 2076 1869 2137 hastam
1910 2079 1995 2136 si-

291 2174 356 2232 hi
405 2174 469 2230 in
498 2169 755 2230 dorsum
806 2168 1121 2229 vibratam
1165 2173 1593 2254 conspiceret,
1632 2168 1844 2227 vicino
1886 2188 1998 2226 suo

288 2263 574 2345 reposuit
603 2283 615 2320 :
671 2256 967 2342 transfige
996 2273 1212 2342 pectus
1238 2259 1251 2316 ἔ
1298 2282 1379 2320 ne
1403 2261 1538 2319 viso
1562 2271 1704 2342 post
1731 2271 2004 2317 mortem

290 2350 554 2411 vulnere
568 2349 752 2408 amici
787 2351 909 2408 mei
930 2347 1316 2409 erubescant.
1338 2384 1422 2393 ——
1449 2351 1585 2408 Imo
1611 2349 1778 2430 ipsae
1816 2348 2003 2407 etiam

288 2440 558 2501 feminae
597 2435 786 2499 simili
824 2440 1054 2520 spiritu
1095 2453 1276 2499 erant
1330 2439 1640 2511 imbutae,
1688 2451 1776 2500 ut,
1818 2435 2000 2519 plane

289 2533 485 2613 ipsam
507 2543 796 2589 naturam
814 2529 1034 2588 vicisse
1061 2527 1445 2589 viderentur.
1468 2528 1570 2586 Sic
1587 2527 1793 2586 Mater
1811 2547 2003 2607 quae-

289 2621 432 2681 dam
457 2665 472 2694 ,
519 2617 648 2679 filio
680 2618 757 2679 de
797 2617 1111 2678 brevitate
1135 2615 1336 2677 hastae
1360 2618 1777 2699 conquerenti
1811 2637 1999 2698 repo—

291 2714 443 2785 suit:
493 2707 649 2769 adde
673 2712 728 2769 ei
748 2705 947 2766 adhuc
964 2730 1158 2765 unum
1179 2730 1442 2790 passum.
1492 2705 1635 2765 Alia
1677 2727 1830 2765 vero
1869 2727 1998 2764 ma-

290 2815 387 2860 ter
432 2798 536 2858 ubi
574 2800 877 2857 nuncium
907 2799 1258 2880 accepisset,
1281 2811 1452 2858 recte
1471 2816 1638 2856 nunc
1674 2791 1872 2854 filium
1895 2816 1995 2853 su-

287 2913 395 2947 um
422 2892 484 2947 in
505 2887 670 2947 bello
691 2887 1081 2947 occubuisse!
1105 2889 1415 2970 reposuit:
1446 2883 1718 2970 Sepelite
1745 2906 1906 2960 eum,
1933 2898 1994 2943 et

286 2978 492 3037 locum
541 2976 670 3062 ejus
709 2990 972 3060 occupet
1003 2976 1161 3036 alter
1195 2973 1374 3038 filius.
1416 3011 1502 3020 ——
1546 2978 1766 3056 Itaque
1801 2973 1995 3032 Lace-

1755 3062 1897 3122 dac—
