2048 3786
604 162 1152 220 Macedonum.
1520 161 1642 221 543

35 353 272 403 rantur.
320 343 478 401 Dein
502 364 761 424 regnum
781 338 896 400 hoc
914 340 1330 420 gubernatum
1354 338 1527 399 suita
1571 344 1725 399 Per-

34 433 210 488 dicca
260 427 668 489 diuturnitate
712 430 958 512 imperii
998 426 1270 500 celebri,
1321 425 1577 509 ejusque
1603 426 1730 487 filio

38 519 105 597 a)
153 519 366 596 Argeo
392 564 406 592 ‚
456 541 644 600 quem
671 520 999 593 Philippus
1030 517 1075 572 I.
1102 515 1369 596 excepit,
1406 512 1548 574 huic
1573 518 1740 574 Ero—

24 627 156 682 pas
195 608 259 663 in
298 609 470 664 cunis
501 610 704 665 victor
737 606 1042 676 successit,
1090 615 1154 663 et
1189 615 1331 683 post
1365 623 1509 661 eum
1552 604 1734 660 Alce-

40 705 155 750 taS.
187 694 247 773 b)
297 695 563 754 Demum
596 696 911 771 Amyntas
950 692 1138 772 longo
1178 704 1240 750 et
1276 687 1443 748 felici
1469 692 1737 771 imperio

35 783 359 862 regnavit,
423 803 962 862 successoremque
1013 777 1233 839 habuit
1302 779 1738 836 Alexandrum

37 873 359 944 Divitem,
407 872 521 952 qui
561 873 767 928 Xerxi
820 871 1154 932 Persarum
1173 867 1330 947 Regi
1374 869 1435 924 in
1482 865 1740 927 Graeci-

41 980 140 1015 am
177 956 496 1034 tendenti3
544 979 606 1018 se
662 979 806 1017 cum
842 980 1071 1040 magno
1121 958 1300 1038 regni
1350 958 1444 1018 sui
1501 954 1741 1016 emolu-

36 1060 249 1105 mento
287 1046 589 1106 submisit.
622 1047 788 1107 Huic
817 1049 983 1108 circa
1015 1068 1246 1108 annum
1268 1058 1410 1104 ante
1449 1041 1556 1103 Ch.
1594 1046 1739 1105 400.

32 1137 320 1194 successit
368 1136 699 1196 Perdiccas
743 1133 944 1211 filius,
1017 1137 1128 1217 qui
1181 1135 1368 1193 etiam
1414 1134 1513 1192 51.
1561 1134 1738 1191 annis

30 1224 316 1304 quietum
350 1245 616 1305 regnum
645 1227 846 1288 tenuit
867 1248 882 1301 3
929 1244 1151 1284 verum
1177 1236 1390 1305 postea
1430 1245 1462 1280 a
1501 1224 1737 1280 Sitalce

34 1308 348 1370 Thracum
381 1334 549 1394 rege,
581 1335 777 1396 regno
807 1311 939 1374 fere
960 1314 1277 1395 privatus;
1323 1310 1380 1390 c)
1430 1330 1578 1392 pace
1601 1323 1755 1369 tan—¹

33 1399 178 1459 dem
216 1397 372 1459 sacta
412 1404 731 1463 restitutus
752 1447 769 1478 ,
815 1400 1107 1483 deinceps
1135 1397 1212 1458 ad
1245 1412 1514 1459 mortem
1539 1419 1739 1481 usque

36 1486 518 1550 Atheniensium
559 1487 751 1550 hostis
801 1493 1035 1552 evasit:
1083 1490 1470 1570 succesitque
1516 1490 1572 1548 ei
1612 1490 1777 1566 Λν-Ι

33 1579 287 1637 chelaas
312 1592 448 1661 post
492 1580 589 1643 16.
637 1600 850 1654 annoe,
892 1602 969 1641 ex
996 1591 1251 1661 accepto
1271 1575 1531 1638 vulnere
1567 1598 1741 1638 mor-

36 1679 208 1741 tuus,
264 1659 582 1743 Orestem,
631 1666 931 1729 infantem
968 1667 1261 1749 reliquit,
1310 1688 1500 1748 quem
1538 1667 1764 1742 Aero-p

20 1776 152 1831 pas
197 1755 398 1821 Tutor
436 1758 503 1838 d)
551 1755 790 1840 perfide
841 1754 1182 1819 occidendo
1209 1802 1225 1831 ,
1274 1776 1541 1837 regnum
1581 1774 1739 1836 qua-.-

36 1857 182 1904 tuor
216 1845 390 1905 annis
416 1848 779 1927 usurpavit3
825 1842 989 1905 hunc
1012 1847 1370 1906 Pausanias
1391 1843 1573 1903 brevi
1595 1843 1738 1905 uni-

37 1953 106 1990 us
149 1935 294 1993 anni
343 1934 647 2014 regimine
690 1937 972 2017 excepit:
1020 1946 1161 2015 post
1185 1954 1376 2014 quem
1416 1934 1737 2006 Amyntas

31 2021 109 2078 ΙΙ.
157 2023 329 2084 annis
375 2025 474 2083 24.
524 2021 820 2082 laudabili
865 2023 1133 2105 imperio
1179 2021 1379 2095 rexit,
1417 2021 1528 2102 qui
1574 2040 1740 2080 anno

36 2109 120 2169 Μ,
172 2109 358 2171 5580.
407 2113 702 2186 moriem,
728 2125 1001 2194 quatuor
1024 2108 1184 2169 filios
1221 2129 1598 2171 successores
1632 2130 1738 2168 re-

29 2195 260 2278 liquit,
305 2220 532 2282 nempe
578 2203 1009 2259 Alexandrum
1054 2223 1088 2257 a
1137 2195 1335 2259 fratre
1375 2199 1733 2259 Ptolomaeo

29 2301 170 2370 post
203 2289 385 2347 unius
420 2292 567 2347 anni
610 2292 891 2369 regimen
931 2288 1233 2363 occisum3
1280 2288 1336 2367 e)
1384 2289 1737 2345 Ptolomaew.

28 2398 131 2436 um
171 2391 378 2437 autem
418 2380 637 2438 tercius
674 2376 870 2439 frater
915 2379 1251 2438 Perdiccas
1311 2373 1540 2438 occidit
1564 2420 1579 2449 ‚
1627 2371 1728 2435 hle

1448 2478 1658 2525 autem
1698 2489 1700 2491 ·

99 2653 159 2725 “⁰
192 2653 1611 2795 ssssfflissfisffisssassufiP‘3⁶4P22.⁷2;3‘3·aiffaeei-031-‘3ffiz213
1636 2652 1737 2777 ἐξ·

192 2811 322 2863 gum
359 2794 547 2848 refert.
619 2794 673 2866 c)
717 2795 954 2849 Thucid.
1015 2797 1079 2849 L.
1135 2796 1186 2850 2.
1225 2797 1364 2852 eth.
1403 2796 1504 2848 sub
1549 2795 1740 2866 Specie

190 2869 460 2936 Amyntae
490 2867 839 2919 describitur.
918 2863 977 2936 d)
1019 2867 1430 2920 Diodor.Sicul.
1468 2868 1528 2918 L.
1570 2864 1650 2918 14.
1689 2887 1737 2923 c.

187 2933 412 2989 85—93.
450 2938 642 2988 Justin.
697 2938 759 2990 L.
802 2936 848 2991 7.
870 2957 915 2990 c.
956 2936 1007 2991 4.
1085 2941 1134 3003 e)
1177 2938 1420 2990 Historia
1459 2937 1728 2990 Filiorum

185 3003 480 3075 Amyntae,
514 3010 720 3078 optime
751 3008 955 3078 legitur
973 3009 1113 3078 apud
1153 3008 1314 3065 Dmd.
1349 3006 1518 3062 Sicul.
1554 3008 1616 3066 L.
1642 3006 1736 3067 16.

190 3097 241 3136 e.
277 3077 327 3134 2.
371 3095 480 3149 seq.
515 3079 887 3133 Justin.aliter
920 3079 1102 3148 refert
1127 3080 1192 3134 L.
1245 3077 1293 3131 7.
1336 3098 1380 3131 c.
1422 3079 1471 3132 5.
