2048 3786
366 177 492 236 250
906 182 1331 240 Historia.

272 355 581 434 inveniat3
627 371 952 441 praeterea
999 361 1436 444 inscriptiones
1490 357 1810 443 sculptura
1835 359 1969 419 ina-

269 458 484 520 ratae,
529 468 683 530 quas
726 447 985 531 quidem
1013 464 1085 509 ut
1124 471 1244 532 pro
1295 448 1570 530 Assyriis
1613 462 1964 523 teneamUS‚

277 536 754 596 Themistlzoclis
794 536 987 598 ductu
1030 537 1212 599 facile
1242 536 1636 612 inducimur,
1684 539 1851 596 nam'
1876 533 1971 596 his

269 623 548 684 Persicas
577 624 789 686 literas
826 629 1035 711 primo
1067 629 1323 687 Darius
1359 629 1409 685 I.
1455 626 1860 687 substitutuit.
1884 660 1971 674 —-

269 712 594 798 Antiquae
633 715 892 798 quidem
921 716 1305 778 educationis
1346 730 1409 778 et
1437 714 1803 800 disciplinae
1821 715 1974 775 Per-

268 823 515 879 sarum,
572 803 839 865 condam
891 809 1176 867 maximis
1252 805 1537 867 laudibus
1589 804 1977 880 celebratae,

270 911 466 975 pauca
502 891 841 953 admodum
879 910 1214 980 supersunt
1247 897 1535 979 vestigia,
1588 894 1818 978 quibus
1858 913 1975 977 po-

267 981 581 1040 tissimum
608 983 674 1040 in
706 985 1261 1045 exercitationibus
1278 985 1711 1046 membrorum
1730 1029 1746 1059 ,
1788 996 1975 1065 utpo-

268 1082 332 1130 te
375 1068 731 1131 valetudine
772 1074 968 1155 magis
1024 1088 1088 1133 et
1134 1077 1419 1158 corporis
1473 1073 1696 1134 alendo
1753 1071 1977 1132 robori

267 1159 630 1219 necessariis
668 1160 897 1222 intenti
926 1176 1124 1224 erant.
1163 1162 1231 1243 a)
1268 1163 1563 1223 Ceterum
1605 1176 1814 1221 tamen
1865 1183 1978 1218 an-

265 1248 682 1330 tiquissimam
713 1247 900 1312 fuisse
914 1250 1080 1336 apud
1099 1253 1314 1312 Persas
1341 1252 1586 1311 Sectam
1623 1250 1975 1332 Magorum,

268 1349 396 1396 tam
438 1336 830 1416 Sacerdotii,
896 1363 1088 1426 quam
1144 1340 1518 1402 eruditionis
1568 1337 1816 1399 fidelem
1868 1358 1978 1397 cu-

266 1423 512 1487 stodem
533 1472 551 1502 ,
601 1449 679 1488 ex
709 1432 1129 1491 monumentis
1161 1445 1434 1508 constat,
1476 1429 1624 1491 licet
1655 1426 1733 1489 de
1769 1428 1974 1509 origi—

264 1537 348 1576 ne
377 1529 441 1577 et
474 1514 766 1578 classibus
801 1517 1034 1581 eruditi
1058 1542 1186 1580 non
1218 1522 1633 1596 conveniant,
1673 1519 1976 1601 quoniam

257 1604 359 1665 illi
396 1618 524 1666 tam
561 1606 788 1669 Graeci
825 1631 1015 1693 quam
1057 1609 1304 1686 Latini,
1341 1632 1457 1692 per
1495 1610 1789 1691 Magum,
1848 1603 1974 1689 jam

263 1693 682 1772 sacerdotem,
761 1696 885 1782 jam
944 1700 1288 1782 sapientem
1338 1698 1723 1780 intelligant,
1778 1716 1978 1779 quum

259 1796 531 1868 utraque
554 1787 748 1848 officia
785 1789 859 1849 iis
883 1786 960 1850 de
991 1787 1128 1872 lege
1148 1788 1625 1863 incumbebant,
1650 1787 1759 1870 qui
1793 1787 1982 1846 etiam
2010 1795 2029 1817 ⁰*

267 1873 480 1957 Magi,
528 1898 648 1958 pro
679 1898 904 1936 arcana
949 1899 1058 1937 sua
1088 1881 1381 1952 scientia,
1433 1899 1562 1936 non
1600 1879 1807 1958 ignem
1856 1895 1976 1958 pro

268 1963 441 2040 Dec,
481 1963 587 2026 sed
623 1966 828 2026 Deum
866 1969 930 2026 in
952 1969 1095 2050 igne
1126 1982 1443 2051 tamquam
1484 1963 1785 2047 Symbolo
1824 1962 1978 2022 ado-

264 2066 525 2131 rarunt,
590 2057 784 2136 quive
844 2057 961 2116 sub
1016 2058 1469 2118 astronomicae
1520 2054 1985 2117 observationis

263 2144 491 2226 specie,
516 2142 938 2228 politicarum,
966 2144 1495 2229 Physicarumque
1528 2166 1744 2206 rerum
1778 2145 1979 2203 scien-2·

260 2229 492 2293 tificam
520 2236 944 2316 cognitionem
977 2259 1097 2322 pro
1120 2238 1548 2321 oportunitate
1571 2236 1980 2294 circumstan-

262 2321 496 2383 tiarum
525 2322 826 2386 videntur
871 2327 1256 2404 exercuisse,
1318 2347 1515 2409 quare
1550 2323 1812 2387 Medicis
1847 2344 1979 2384 sae-2

261 2432 344 2495 pe
371 2413 601 2496 ingrati
644 2430 989 2478 evaserunt.
1050 2414 1404 2477 Multorum
1461 2413 1813 2475 liberorum
1865 2436 1978 2497 paq

260 2516 505 2580 rentes,
551 2503 692 2566 Rex
725 2527 856 2576 non
900 2503 1089 2566 modo
1119 2506 1342 2565 annuis
1382 2502 1708 2589 stipendiis
1754 2503 1975 2563 tueha-

262 2605 402 2668 tur,-
443 2592 551 2655 sed
595 2594 854 2679 insuper
881 2597 1067 2663 etiam
1106 2598 1279 2680 regia
1312 2592 1586 2656 donabat
1602 2589 1970 2654 munificen-

257 2683 362 2741 tia.
385 2681 530 2742 Filii
559 2697 703 2745 ante
720 2687 1229 2769 quinquennium
1252 2706 1381 2746 non
1413 2683 1746 2747 defereban
1759 2696 1882 2762 tur3
1903 2686 1966 2742 in

262 2787 669 2858 conspectum
686 2777 902 2860 patriS,
917 2773 1023 2841 sed
1043 2788 1323 2837 materna
1356 2795 1505 2835 cura
1523 2771 1973 2852 educabantur3

1732 2860 1881 2926 dein

335 3002 394 3068 a)
439 2999 685 3057 Thomas
716 3001 962 3076 Hydeus,
1000 3004 1059 3060 in
1111 3003 1256 3060 libro
1306 3001 1387 3056 de*
1417 3000 1705 3073 religione.
1763 2999 1971 3053 Pei-sar.

426 3074 590 3130 Item.
624 3074 857 3127 Jacobus
920 3077 1255 3130 BruckeruS.
1293 3074 1352 3127 in
1375 3074 1517 3128 Hist.
1554 3072 1753 3124 Critica
1788 3068 1973 3123 Philo·

429 3144 590 3218 soph.
622 3145 815 3199 Cicero
846 3145 912 3198 de
945 3148 1176 3207 Divinit.
1208 3149 1271 3207 L.
1311 3144 1360 3199 1.
1402 3166 1446 3200 c.
1484 3143 1575 3202 40.
1610 3140 1695 3199 414
