2048 3786
559 157 1028 238 Clzinensia
1051 175 1124 213 m.
1536 153 1658 213 249

78 342 280 401 <echios
318 338 832 424 aggrederentur,
866 349 1056 421 prout
1089 333 1366 416 Mogoles
1418 336 1602 394 etiam
1654 354 1757 395 eos

81 428 264 491 brevi
296 428 717 512 subjugarunt.
766 461 850 471 -—-
913 426 1023 484 ΙΙΙ.
1061 424 1269 482 Factio
1335 436 1470 482 erat
1520 425 1757 499 Songcz-

79 542 220 575 rum
241 563 255 591 ,
289 540 445 601 quae
485 538 700 596 magna
726 515 1092 573 auctoritate
1134 509 1254 590 jam
1274 509 1351 568 ab
1385 532 1434 566 a.
1481 511 1625 570 960.
1651 507 1763 566 do·-

79 607 463 679 minabatur,
499 617 560 662 et
598 601 1006 684 vigintiduos
1025 598 1328 658 milliones
1352 596 1763 678 agricolarum

83 696 147 751 in
182 716 290 753 suo
332 703 523 774 regno
564 690 1116 773 complectebatur.
1193 686 1488 745 Attamen
1568 681 1642 741 ad
1705 704 1754 739 a.

89 785 269 841 1000.
318 778 759 863 propudiosam
813 799 1027 861 pacem
1087 797 1231 834 cum
1279 775 1540 831 Kitanis
1600 772 1760 829 inire

80 883 224 927 sunt
260 868 560 950 compulsi
595 890 663 926 ea
687 866 1073 926 conditione:
1124 877 1193 922 ut
1216 876 1371 944 quot
1409 862 1582 918 annis
1620 861 1759 918 100.

81 956 272 1015 millia
317 978 681 1029 aureorum,
715 969 777 1015 et
812 959 952 1015 200.
992 952 1186 1010 millia
1222 953 1563 1011 sericorum
1591 946 1772 1006 volu-

79 1046 318 1102 minum
356 1043 521 1103 dono
541 1046 877 1104 mitterent.
928 1042 1030 1101 Ab
1067 1039 1182 1101 hoc
1230 1031 1508 1121 tempore
1546 1036 1769 1097 sensim

81 1133 330 1214 imperii
372 1135 725 1210 szgarmn
778 1130 1042 1214 dignitas
1086 1130 1381 1189 vilescere
1433 1129 1639 1208 coepit
1696 1144 1769 1183 eo

84 1244 120 1279 a
168 1219 450 1281 fortiori:
500 1219 670 1302 quod
716 1219 792 1279 ad
838 1217 1253 1302 gubernacula
1295 1214 1611 1275 tractanda
1661 1211 1771 1270 de—

83 1331 209 1368 nuo
249 1306 529 1368 Eunuchi
569 1307 1048 1383 adhiberentur,
1097 1308 1206 1389 qui
1228 1308 1415 1365 etiam
1454 1301 1529 1362 ad
1554 1299 1771 1386 profli-

83 1396 316 1479 gandos
363 1401 635 1455 Kitanos
672 1421 721 1455 a.
794 1401 974 1457 1100.
1018 1395 1450 1455 infaustissimo
1513 1389 1772 1452 consilio

87 1488 435 1543 Nudsclzios
487 1484 955 1560 conduxerunt3
1034 1506 1176 1543 nam
1249 1482 1551 1540 Nzcclsclzii
1607 1476 1774 1539 bello

83 1572 349 1634 feliciter
380 1572 698 1649 confecto,
732 1596 879 1633 mox
924 1588 1141 1633 contra
1174 1574 1334 1654 ipsos
1384 1573 1626 1648 Songczs
1671 1589 1771 1625 ar·-

86 1684 186 1720 ma
226 1664 504 1721 victricia
539 1660 996 1735 convertendO,
1043 1663 1235 1744 captis
1281 1657 1520 1717 duobus
1571 1660 1778 1738 Impe-

89 1751 401 1811 ratoribus
430 1796 445 1825 ,
481 1749 555 1809 ad
591 1774 640 1808 a.
688 1752 875 1811 1125.
916 1749 1173 1808 fluvium
1227 1750 1410 1808 etiam
1482 1748 1776 1804 Crocezcm

90 1841 530 1898 transiverunt.
555 1839 691 1899 Hoc
717 1841 779 1897 in
806 1853 1088 1899 extremo
1123 1835 1400 1919 periculo
1423 1834 1602 1893 multi
1626 1836 1780 1891 Son-

84 1950 322 2006 garam
379 1926 454 1984 ad
504 1926 943 1987 Meridionales
1004 1926 1207 2008 plagas
1255 1946 1316 1984 se
1371 1924 1778 2004 recipienteS,

90 2036 324 2074 novum
368 2014 623 2097 quidem
659 2038 923 2097 regnum
961 2013 1411 2087 condiderunt,
1463 2010 1568 2071 sed
1610 2011 1786 2068 Nud-

86 2105 279 2161 sclzz'is
300 2104 701 2162 tributarium
726 2128 741 2181 3
789 2102 957 2186 quod
988 2103 1066 2162 ab
1099 2127 1146 2162 a.
1172 2104 1355 2161 1128.
1379 2123 1574 2182 usque
1600 2097 1782 2158 1276.

89 2195 280 2251 etiam
325 2195 627 2274 perstitit:
679 2215 805 2275 quo
851 2207 1135 2275 tempore
1188 2192 1467 2265 Mogoles
1518 2187 1782 2249 feliciter

91 2283 277 2338 Sinas
298 2294 421 2338 tam
471 2280 548 2339 ad
580 2283 1108 2364 septemtrionem,
1145 2301 1330 2361 quam
1346 2277 1421 2336 ad
1457 2275 1784 2338 meridiem

92 2367 533 2445 debellaruntg
595 2392 662 2429 ac
710 2370 792 2430 ob
844 2370 1115 2428 Sinicam
1172 2367 1513 2449 ignaviam,
1580 2367 1783 2447 Impe-

94 2460 364 2515 rantium
397 2458 922 2531 imbecillitatem,
970 2457 1515 2537 effeminatumque
1567 2457 1786 2514 eorum

92 2547 369 2602 animum
394 2590 409 2619 ,
441 2567 748 2605 summum
790 2545 1126 2606 Chinarum
1159 2547 1520 2628 Imperium,
1567 2543 1787 2623 Mogo-

97 2632 183 2692 les
229 2633 652 2693 obtinuerunt.

271 2724 549 2798 Mogoles
585 2722 727 2780 alias
765 2724 925 2779 suen
967 2745 1015 2779 a.
1050 2722 1231 2782 1276.
1283 2722 1613 2803 imperium
1643 2713 1787 2777 Chi-

101 2829 288 2868 nense
329 2807 463 2890 jure
500 2810 647 2870 belli
692 2810 1130 2882 obtinuerunt,
1170 2823 1230 2869 et
1271 2810 1369 2870 92.
1414 2810 1623 2880 annis,
1669 2804 1785 2865 sub

115 2898 210 2957 19.
245 2898 735 2980 Imperatoribus
769 2900 1168 2957 Dominatum
1206 2910 1648 2958 exercuerunt·
1697 2908 1787 2953 at-

105 3006 233 3067 que
285 2982 399 3045 hoc
454 3001 736 3071 tempore
779 2989 984 3070 primo
1040 2984 1372 3046 Chinenses
1429 2999 1787 3046 exterorum

1549 3071 1692 3157 jugo
