2048 3786
535 247 1121 305 Hebraeorum.
1547 245 1620 299 71

54 441 272 488 contra
305 427 506 492 hostes
549 428 765 489 eduxit
789 473 805 502 ,
889 447 958 485 ac
988 426 1055 506 a)
1078 420 1153 481 ad
1198 422 1561 481 Damascum
1617 425 1747 481 exi-

56 540 175 598 gua
202 540 389 577 manu
427 541 553 579 non
593 516 777 577 modo
814 536 1035 596 magna
1065 508 1238 572 clade
1289 508 1643 594 profligavit
1690 524 1753 570 et

57 604 259 665 hostes
291 607 527 689 fugavit
554 651 569 681 ,
611 603 714 665 sed
764 605 950 665 etiam
990 612 1317 685 nepotem,
1383 612 1752 683 partamque

57 693 354 774 praedam
386 693 650 755 feliciter
693 693 1120 776 recuperavit3
1184 710 1379 770 quare
1423 689 1756 745 Melchise-

57 784 208 840 decla
244 781 637 863 Solymorum
676 805 789 843 rex
843 794 906 842 et
958 778 1275 850 sacerdos,
1321 776 1690 835 Ahralzamo
1721 796 1757 830 a

58 867 221 929 felici
251 870 488 952 praelio
535 870 860 945 redeunti,
895 866 1425 939 benedictionem,
1456 884 1676 946 panem
1699 875 1761 921 et

63 961 283 1015 vinum
306 1002 322 1031 ,
357 959 639 1040 profert3
686 961 786 1018 cui
810 960 1082 1017 vicissim
1111 957 1447 1016 Abraham
1479 954 1543 1009 in
1579 972 1760 1009 reve—

66 1048 303 1105 rentiae
327 1050 570 1128 signum
589 1069 800 1108 omnes
835 1043 1279 1105 manubiarum
1308 1041 1575 1102 decimas
1607 1060 1758 1097 con-

65 1132 287 1208 serem,
319 1150 524 1197 cetera
563 1133 840 1195 hostibus
876 1136 1166 1195 restituit:
1195 1152 1392 1214 quare
1437 1127 1759 1188 Hebroni-

68 1235 165 1281 tae
195 1244 336 1282 eum
369 1226 730 1308 Principem
760 1225 877 1284 Dei
920 1221 1349 1305 agnoscebant.
1434 1218 1496 1297 b)
1530 1215 1764 1275 Amor-

69 1307 205 1369 haei
267 1325 475 1371 autem
513 1312 728 1373 foedus
785 1334 928 1372 cum
979 1334 1053 1372 eo
1101 1311 1493 1394 pepigerunt.
1533 1305 1591 1385 c)
1651 1302 1768 1362 Ast

71 1399 405 1457 Abraham
428 1402 816 1462 sterilitatem
839 1399 1118 1483 conjugis
1133 1412 1452 1469 moerens,
1475 1414 1554 1452 ex
1583 1394 1767 1470 Aga-

74 1509 142 1544 νε
187 1487 408 1549 ancilla
434 1494 760 1549 Ismaelem
782 1491 1026 1573 genuit,
1052 1489 1118 1567 d)
1143 1484 1316 1569 cujus
1348 1482 1581 1568 posteri
1604 1480 1767 1539 Ara-

71 1575 239 1633 biam
286 1595 709 1662 occuparunt,
758 1593 821 1640 et
848 1574 1183 1637 hodiedum
1224 1585 1471 1633 tenent:
1517 1570 1643 1628 imo
1685 1589 1769 1628 ex

78 1685 155 1723 eo
193 1662 568 1728 descendere
611 1667 846 1729 feroces
891 1680 1103 1748 gentes
1127 1664 1447 1745 Agarenos
1479 1671 1542 1717 et
1590 1657 1774 1715 Sara-

77 1773 262 1812 cenos
302 1770 540 1815 constat
576 1780 652 1818 ex
687 1759 962 1813 Saliam).
1009 1756 1226 1813 Postea
1257 1771 1335 1808 ex
1369 1751 1538 1806 Sara
1569 1747 1775 1829 prima

79 1837 344 1926 conjuge
390 1847 657 1928 suscepit
706 1846 1004 1900 Isaacum
1055 1842 1111 1921 e)
1159 1834 1492 1909 heredem,
1556 1856 1635 1894 ex
1682 1854 1776 1892 se-

84 1931 284 1989 cunda
322 1948 528 1993 autem
559 1929 821 2014 conjuge
866 1933 1097 1989 Cetura
1126 1928 1214 2007 f)
1251 1925 1518 2008 suscepit
1547 1943 1655 1981 sex
1701 1920 1778 1978 li-

85 2017 268 2079 beros
291 2066 306 2093 ,
352 2044 509 2103 quos
538 2036 607 2080 ut
644 2019 1051 2081 adoleverant
1074 2064 1089 2092 ,
1148 2012 1516 2074 muneribus
1568 2008 1779 2070 excul-

87 2120 181 2166 tos
217 2108 292 2166 ad
318 2109 559 2193 plagam
600 2108 967 2170 orientalem
998 2107 1072 2186 g)
1106 2104 1419 2185 relegavit.
1439 2104 1612 2160 Inter
1634 2095 1783 2158 haec

88 2195 386 2273 Sodoma,
420 2213 483 2260 et
519 2197 836 2259 Gomorha
863 2244 878 2273 ‚
946 2194 1221 2266 Adama,
1269 2205 1332 2251 et
1371 2188 1626 2250 Seboim
1673 2209 1783 2246 ur-

89 2283 271 2344 bibus
305 2287 388 2345 ob
405 2286 667 2347 nefanda
699 2284 1025 2348 hominum
1056 2282 1288 2343 scelera
1320 2278 1581 2339 coelesti.
1611 2274 1784 2335 flam-

88 2394 188 2432 ma
225 2378 558 2436 consumtis
584 2422 600 2451 ,
647 2390 778 2436 tota
815 2373 964 2435 haec
991 2370 1321 2457 provincia
1341 2366 1788 2430 existitentiam

90 2482 258 2522 suam
301 2467 360 2521 in
408 2464 563 2525 orbe
611 2460 850 2539 finivit,
889 2460 1063 2544 cujus
1107 2459 1313 2519 locum
1364 2455 1547 2516 hodie
1614 2476 1785 2514 mare

96 2566 414 2610 mortuum
437 2567 698 2636 occupat
720 2600 734 2625 ‚
772 2576 878 2613 seu
907 2551 1073 2610 lacus
1102 2548 1508 2624 Asphaltitis.
1557 2545 1788 2615 Quinta

97 2641 314 2698 civitas
351 2642 641 2722 precibus
680 2643 876 2699 Lotlzi
905 2652 1146 2699 servata
1186 2650 1278 2696 est
1315 2635 1510 2716 Segor
1537 2679 1551 2707 ,
1598 2634 1665 2711 lz)
1711 2629 1787 2688 ad

102 2748 287 2806 quam
324 2726 470 2787 dum
505 2729 722 2790 divino
771 2727 938 2811 jussu
981 2724 1484 2810 proficisceretur
1536 2718 1790 2779 manda-

100 2817 177 2873 tis
215 2814 444 2874 divinis
497 2819 751 2877 minime
798 2817 1144 2898 obsequens
1180 2811 1445 2895 conjux,
1508 2832 1586 2869 ne
1648 2812 1791 2891 igne

176 2987 238 3057 α)
270 2982 616 3126 &mitt
633 3000 687 3110 ἓ
704 2981 1383 3125 έῑὲῗὲῖἳῖθὲἶμῗὲῗᾘ.
1401 2978 1562 3106 3:2¹5:
1578 2976 1793 3122 (2312ss3ss

269 3146 315 3179 c.
353 3124 440 3182 16.
471 3144 523 3177 v.
563 3123 645 3177 15.
684 3121 734 3190 e)
772 3125 905 3175 Gen.
946 3144 989 3175 c.
1025 3122 1110 3178 17.
1152 3143 1196 3174 v.
1232 3122 1314 3175 19.
1352 3118 1422 3189 f)
1459 3121 1593 3174 Gen.
1623 3140 1670 3175 c.
1704 3117 1795 3176 25.

269 3216 322 3252 v.
360 3196 410 3249 2.
433 3195 503 3268 g)
544 3195 679 3251 Gen.
716 3193 798 3247 25.
822 3213 870 3246 v.
897 3194 951 3251 6.
984 3193 1046 3262 Ιι)
1082 3195 1215 3247 Gen.
1247 3213 1293 3247 e.
1323 3191 1404 3246 19.
1436 3210 1493 3248 v.
1524 3189 1610 3245 22.
