2048 3786
306 123 426 188 152
844 126 1271 184 Historia

227 318 518 366 netarum
553 321 757 367 motus
786 355 800 383 ,
847 309 1181 383 ci1·cuitus‚
1230 310 1525 369 stationes
1560 314 1629 367 a'c
1667 307 1942 391 singulo-

227 418 372 454 rum
406 399 575 457 vires
616 400 782 456 circa
821 400 1236 458 animantium
1284 412 1492 473 ortus,
1551 422 1711 481 quae
1771 398 1935 457 bona

227 500 337 545 aut
367 486 528 545 mala
568 490 857 563 efficiant,
906 486 1134 572 cupide
1157 503 1556 547 annotarunt.
1610 492 1664 547 4.
1714 484 1942 547 Archi-

231 589 538 636 tecturam
563 576 865 652 floruisse,
889 577 1265 637 immortalia
1294 578 1755 662 Aegylssitiorum
1793 599 1945 660 ope-

226 688 296 724 ra
318 712 334 740 ,
382 690 544 750 quae
582 665 952 727 edacitatem
994 670 1296 753 temporis
1330 681 1649 751 superant,
1683 665 1945 726 manife-

224 770 317 816 ste
339 754 602 833 docent3
642 755 993 840 cujusmodi
1029 773 1210 817 erant
1252 760 1520 817 Obelisci
1544 772 1606 818 et
1640 759 1946 835 Pyrami-

226 849 332 903 des
357 892 371 920 ,
413 844 676 907 totidem
705 850 897 907 turris
922 847 1339 929 Babylonicae
1369 850 1717 906 imitamina
1757 846 1947 906 exsti—

228 949 480 1013 terunt3
529 949 591 996 et
629 936 906 1019 quidem:
956 939 1233 996 Obelesci
1256 960 1332 999 ex
1357 960 1483 1000 uno
1517 952 1579 998 et
1609 936 1946 996 durissimo

223 1046 370 1083 saxo
399 1027 622 1096 excisi,
670 1026 869 1085 basim
900 1024 1212 1088 habebant
1256 1027 1657 1111 quadratam,
1707 1029 1948 1109 apicem

228 1135 446 1173 versus
492 1117 811 1176 tenuiores
838 1162 853 1191 7
908 1115 1098 1175 latera
1143 1131 1350 1177 autem
1389 1115 1828 1200 hieroglyficas
1867 1113 1943 1172 li-

224 1215 386 1263 teras
428 1203 552 1263 alte
592 1206 813 1263 incisas
845 1203 1308 1287 praeferabant,
1347 1205 1612 1266 altitudo
1642 1229 1691 1264 a.
1723 1208 1822 1266 50.
1870 1202 1947 1262 ad

227 1296 369 1353 180.
418 1291 606 1376 pedes
624 1296 912 1376 assurgit,
939 1317 1056 1377 per
1084 1308 1283 1355 totam
1311 1295 1672 1379 Aegyptum
1703 1295 1770 1376 a)
1792 1307 1951 1352 stra-

226 1384 274 1441 ti
313 1380 466 1441 olim
513 1383 1040 1467 reperiebantur3
1087 1383 1512 1447 Alexandriae
1554 1386 1743 1445 etiam
1780 1404 1948 1441 nunc

221 1487 510 1556 superest
548 1495 726 1532 unus,
776 1474 1048 1533 Romani
1100 1472 1178 1532 ad
1228 1474 1424 1535 Urbis
1465 1497 1609 1535 suae
1655 1486 1948 1533 ornatum

222 1561 433 1644 plures
490 1561 643 1622 olim
696 1561 1192 1640 transtulerunt,
1243 1565 1475 1649 quibus
1530 1562 1741 1626 medio
1784 1585 1944 1623 aevo

219 1651 551 1735 collapsiS,
602 1656 823 1712 Sixtus
850 1656 923 1711 V.
946 1652 1242 1715 Pontlfex
1262 1670 1537 1739 quatum
1557 1658 1786 1714 iterum
1809 1675 1878 1713 er
1883 1675 1947 1712 e-

218 1745 329 1801 xit.
379 1743 440 1823 b)
489 1744 917 1821 Pyramides
903 1767 1104 1828 aeque
1124 1767 1201 1807 ex
1251 1745 1612 1830 ingentibus
1639 1746 1802 1803 saxis
1835 1757 1944 1801 aut

218 1830 572 1908 laterculis
623 1834 751 1894 basi
799 1834 1004 1917 quadr
1009 1834 1266 1919 angula,
1334 1838 1573 1896 vertice
1640 1846 1935 1893 truncato

220 1937 575 1983 exstructae
605 1938 749 1983 sunt
772 1970 788 1998 ‚
837 1939 899 1984 ct
934 1927 1019 1983 ita
1059 1924 1420 1999 collocatae,
1466 1940 1536 1983 ut
1578 1925 1770 1984 lateia
1799 1944 1940 1981 cai-

218 2011 393 2072 dines
434 2013 594 2072 coeli
639 2016 980 2098 respiciant
1007 2061 1022 2089 ‚
1069 2014 1418 2098 cujusmodi
1462 2017 1829 2073 Herodotus
1880 2014 1938 2092 e)

213 2116 357 2162 octo
397 2100 691 2184 jugerum
736 2102 1086 2165 altitudinis
1136 2107 1443 2166 meminit
1537 2103 1738 2163 Moles
1782 2100 1896 2162 hae
1925 2148 1940 2176 ,

212 2192 329 2251 sub
367 2214 528 2274 (μνη
534 2217 640 2252 um
687 2192 970 2278 pondeie
1016 2210 1185 2256 telra
1226 2217 1479 2278 gemele
1520 2193 1904 2254 videbantur
1927 2237 1943 2263 ‚

212 2283 422 2341 omnia
465 2281 666 2365 ojecta
703 2285 910 2343 vicina
956 2306 1165 2368 supet
1150 2285 1382 2359 abant,
1433 2283 1892 2365 hominesque
1877 2306 1942 2340 ln

210 2371 416 2431 admir
417 2374 694 2434 ationem
725 2373 1076 2457 rapiebant.
1104 2377 1196 2435 De
1220 2373 1342 2435 fine
1371 2373 1766 2435 colossalium
1784 2394 1939 2455 ope-

205 2479 351 2521 rum
384 2461 800 2548 disceptattu·
786 2516 801 2544 ‚
862 2463 1154 2547 plerique
1210 2486 1456 2524 causam
1505 2461 1788 2523 tladider
1774 2476 1942 2535 unt,

204 2574 284 2612 ne
342 2574 518 2635 reges
572 2560 905 2638 pecuniam
961 2555 1456 2625 successoribus,
1505 2567 1615 2612 aut
1667 2550 1931 2612 aemulis

1740 2644 1836 2700 in-

273 2811 335 2882 a)
375 2811 516 2866 Plin.
555 2811 617 2865 L.
653 2810 743 2869 34
766 2831 812 2865 c.
857 2812 904 2869 7
945 2813 1102 2870 Diod.
1122 2815 1183 2867 L.
1224 2813 1268 2867 1.
1300 2834 1346 2869 c.
1386 2814 1470 2867 57.
1547 2814 1601 2923 lg)
1641 2813 1930 2870 Ammian.
2012 2850 2015 2855 -

357 2883 424 3007 L.
460 2881 542 3005 127
545 2882 1929 3036 P2m4pori111igbhliin1ili'oiiagO.pqiittioieqjciigeffg

355 3044 449 3076 sua
483 3026 607 3077 sede
647 3037 899 3093 occupat.
938 3028 1213 3080 totidem
1200 3048 1255 3081 1n
1273 3028 1627 3082 altitudinem
1659 3027 1914 3099 erigitui.

361 3095 421 3165 d)
470 3097 613 3149 ibid.
641 3097 735 3150 tol.
769 3096 856 3150 31.
