2048 3786
516 185 1208 241 Atheniensium.
1534 190 1657 250 295

44 389 166 451 que
203 368 301 425 44.
342 367 516 427 annis
553 360 949 446 tyrannidem
985 366 1280 425 exercuit.
1345 365 1577 428 Similis
1613 374 1746 431 ‚Mi-

42 459 152 516 leti
197 459 477 514 tirannus
515 466 650 515 erat
695 453 1164 529 ThrasybalaS,
1211 454 1440 514 amicus
1481 460 1746 518 Perian-

44 547 147 604 dri
173 589 187 614 ,
221 544 288 622 a)
336 545 446 626 qui
480 563 625 603 cum
657 539 1091 601 Sardiensium
1131 562 1278 623 rege
1300 545 1566 618 Αζγατίθ
1615 547 1745 628 pla-

46 655 124 692 ne
158 631 394 691 bellum
439 632 640 714 gessit.
688 628 924 690 Eodem
956 628 1148 689 modo
1189 632 1253 687 in
1301 630 1511 691 Sicilia
1553 634 1747 716 Agri-

46 723 215 803 genti
233 722 535 778 Phalaris
554 716 946 800 tyrannidem
971 715 1399 780 fraudulenter
1414 723 1747 806 arripiens,

44 808 303 871 eandem
333 829 476 867 cum
509 805 879 867 crudelitate
924 806 985 886 h)
1034 804 1301 866 sedecim
1349 811 1527 869 annis
1561 833 1747 871 exer-

42 899 203 957 cuit:
242 909 312 955 ut
347 911 409 958 et
460 890 847 954 Pisistratus
887 894 1054 977 apud
1100 891 1509 959 Athenienses
1555 902 1744 962 semel

43 1008 112 1046 ac
149 988 375 1045 iterum
413 984 472 1064 c)
518 997 825 1046 attentare
847 1005 1025 1043 ausus
1051 999 1170 1045 est:
1219 1000 1409 1067 prout
1442 989 1744 1064 Ροζγονα-

43 1087 134 1132 tes
173 1076 236 1131 in
285 1072 482 1133 insula
524 1076 728 1132 Samo.
777 1073 1068 1133 Ceterum
1118 1075 1374 1147 Cylonis
1400 1121 1415 1149 ,
1462 1089 1533 1135 ut
1576 1077 1746 1137 vidi-

37 1184 174 1222 mus
242 1161 533 1235 audacia3
600 1159 811 1222 oculos
860 1158 1341 1222 Atheniensium
1389 1162 1544 1225 adeo
1598 1190 1746 1250 ape-

41 1254 172 1311 ruit
232 1266 302 1310 ut
356 1249 433 1312 de
474 1272 638 1309 nova
654 1249 1062 1333 Reipublicae
1099 1250 1323 1310 Forma
1361 1255 1745 1334 constituen-

40 1339 117 1398 da
159 1361 342 1422 agere
369 1360 686 1400 necessum
722 1353 1049 1421 putarent,
1089 1359 1313 1398 verum
1337 1339 1617 1404 diversae
1655 1347 1745 1403 ci-

42 1431 219 1487 vium
257 1429 468 1488 classes
506 1429 670 1487 inter
723 1448 788 1487 se
833 1428 1173 1488 convenire
1228 1450 1355 1488 non
1412 1445 1741 1512 poterant,

47 1531 240 1600 prout
273 1517 411 1577 fieri
439 1516 618 1576 solet!
665 1514 815 1575 dum
853 1537 957 1575 eos
993 1518 1415 1576 interessentia
1437 1520 1501 1577 in
1532 1519 1743 1584 diver-

50 1627 143 1664 sas
182 1603 486 1665 abstrahit
508 1618 731 1689 partes.
779 1604 1021 1679 Quibus
1054 1604 1501 1667 calamitatibus
1528 1612 1741 1691 agitati

48 1691 496 1770 AthenienseS,
564 1692 814 1755 tandem
865 1696 1181 1753 communi
1245 1710 1397 1755 voto
1463 1699 1743 1759 Solonem

42 1780 434 1843 Archontem
478 1797 795 1858 crearunt,
834 1782 1021 1863 eique
1066 1781 1230 1864 leges
1278 1783 1586 1845 condendi
1627 1811 1743 1872 po-

41 1873 299 1930 tentiam
346 1869 724 1932 detulerunt.
770 1871 890 1930 Vir
906 1869 1006 1930 hic
1040 1872 1206 1931 inter
1233 1887 1532 1956 semptem
1565 1896 1742 1957 grae-

39 1961 170 2020 ciae
214 1961 517 2043 sapientes
555 1959 761 2019 locum
788 1974 1002 2020 tenens
1023 2005 1038 2034 ,
1082 1959 1315 2043 justitia
1346 1976 1408 2022 et
1438 1966 1739 2046 sapientia

38 2046 163 2131 jam
203 2047 438 2107 dudum
469 2050 872 2132 conspicuus,
919 2061 1220 2130 sequente
1265 2053 1586 2113 occasione
1645 2056 1742 2114 in-

39 2139 263 2197 claruit
296 2159 523 2220 nempe
576 2136 844 2197 turbidis
898 2135 1020 2219 jam
1054 2138 1373 2220 prioribus
1397 2142 1567 2200 annis
1604 2143 1742 2204 Me—

39 2227 722 2308 garenseS,Salaminem
741 2222 1212 2287 Atheniensium
1231 2227 1490 2288 insulam
1514 2252 1741 2313 magno

36 2313 252 2377 labore
270 2330 650 2398 occupatam,
671 2315 818 2376 licet
848 2313 1256 2376 Athenienses
1281 2321 1518 2401 saepius
1558 2320 1741 2379 indu-

44 2408 263 2465 striose
284 2426 659 2486 recuperare
688 2419 1089 2478 conarentur,
1116 2427 1359 2489 semper
1385 2421 1588 2468 tamen
1613 2433 1742 2468 ma-

47 2516 177 2572 gna*
216 2516 472 2553 suorum
526 2490 763 2573 jactura
809 2491 1027 2576 rejecti
1086 2509 1279 2554 erant.
1349 2494 1629 2557 Infelices
1677 2496 1739 2556 hi

43 2604 352 2642 successus
388 2604 489 2642 eos
526 2595 981 2664 permoverunt
1011 2581 1087 2639 ad
1120 2605 1253 2643 eam
1295 2583 1495 2666 legem
1536 2585 1742 2647 feren-

43 2670 229 2747 dam,
270 2686 336 2730 ut
378 2674 573 2754 siquis
612 2670 904 2756 deinceps
929 2670 1255 2731 Salaminis
1302 2672 1535 2734 insulae
1567 2697 1740 2737 rece-

1486 2765 1650 2844 ptio—

111 2942 170 3009 α)
209 2945 473 3000 Herodot.
515 2947 574 2999 L.
612 2946 657 3000 1.
698 2968 738 3000 c.
790 2946 871 3001 18.
902 2966 1053 3021 seqq.
1125 2948 1193 3022 b)
1231 2952 1426 3004 Euseb.
1462 2952 1551 3004 ‹le>
1595 2955 1740 3007 Pha-

201 3016 371 3067 laride
404 3027 534 3073 soci.
558 3017 639 3070 “r—l.
679 3037 833 3089 seqq.
867 3021 1104 3092 Polyaen
1134 3022 1201 3078 L,
1238 3022 1290 3080 5.
1327 3042 1376 3078 c.
1413 3022 1460 3076 1.
1534 3027 1587 3090 c)
1627 3027 1739 3078 He-

200 3087 385 3143 rodot.
427 3089 491 3144 L.
531 3089 578 3140 1.
627 3110 672 3144 c.
712 3089 803 3144 60.
838 3107 989 3162 seqq,
1027 3091 1289 3162 Polyaen.
1328 3094 1467 3150 L.5‚
1499 3114 1548 3152 e.
1586 3095 1630 3149 1.
