2048 3786
308 153 430 214 128
867 153 1295 217 Historia

213 338 396 421 gibus
442 324 745 423 Aegyptii
779 353 851 399 ut
897 337 1223 422 prioribus
1247 350 1604 417 cesserunt3
1639 341 1939 421 quoniam

211 427 486 488 ridiculo
535 426 728 490 hocce
767 444 1141 512 argumento
1185 427 1481 489 viderent
1520 431 1768 489 inanem
1786 428 1940 489 fuis-

209 540 274 579 se
329 516 609 579 omnem'
646 522 1170 602 praetensionem.
1235 519 1403 578 Hinc
1467 520 1669 577 omnis
1733 521 1939 595 natiO,

208 630 373 691 quae
421 607 749 669 traditioni
799 607 1278 693 superaedificat
1304 607 1573 692 gloriam
1606 630 1798 682 suam,
1845 607 1935 666 fa-

207 698 327 759 cile
358 696 678 758 refutatur
698 745 715 774 ,
745 702 895 783 quia
926 721 1116 782 quam
1132 722 1357 782 parum
1396 696 1596 757 infans
1620 720 1794 757 suam
1823 721 1936 756 na-

205 790 521 848 tivitatem
555 811 854 850 enarrare
914 791 1149 864 noscit3
1197 791 1281 848 ita
1314 811 1538 873 parum
1558 785 1937 872 sperandum

211 892 339 953 est,
386 892 459 936 ut
493 899 687 960 genus
717 876 1062 938 humanum
1095 875 1174 939 de
1215 881 1308 939 sui
1352 880 1695 953 creatione,
1739 876 1817 937 de
1841 879 1939 935 in·-

205 969 508 1028 ventione
538 970 781 1052 primae
812 967 1062 1051 linguae
1085 1017 1101 1045 ,
1139 984 1247 1029 aut
1287 967 1365 1029 de
1399 969 1622 1053 primis
1664 962 1938 1040 sedibus,

203 1053 506 1117 historico
557 1059 824 1118 Criticas-
868 1073 1140 1142 praestet
1207 1058 1559 1119 relationes,
1628 1056 1939 1117 Similiter

204 1146 434 1206 fabulis
483 1145 783 1230 jactatum
824 1162 947 1208 est:
990 1152 1278 1206 Hermen
1301 1149 1368 1228 a)
1418 1144 1535 1207 hoc
1560 1160 1687 1208 est:
1738 1149 1939 1207 inter-

205 1250 460 1321 pretum
508 1234 872 1320 disciplinas
911 1236 1077 1321 apud
1112 1232 1461 1319 Aegyptios
1507 1251 1802 1320 artesque
1835 1258 1939 1296 re-

204 1327 477 1410 perisse:
513 1327 786 1403 Joseplzo
806 1328 977 1387 enim
998 1326 1467 1410 Aegyptiorum
1508 1328 1808 1410 sapientia
1830 1325 1942 1386 de·-

207 1417 416 1477 betur.
467 1414 742 1475 Duravit
774 1418 1069 1500 Regnum
1094 1417 1565 1499 Aegyptiorum
1591 1415 1937 1476 secundum

217 1508 548 1565 Usseriam
595 1508 783 1568 1665.
826 1529 1022 1566 annos
1049 1508 1329 1590 integros
1347 1552 1362 1582 ‚
1392 1506 1623 1588 quibus
1647 1504 1935 1581 evoluti3‚

203 1620 237 1656 a
308 1595 617 1671 cambyse
667 1598 856 1658 Persa
910 1599 1079 1657 circa
1136 1621 1188 1656 a.
1243 1596 1331 1657 M.
1397 1597 1588 1661 5479.
1643 1593 1940 1680 subjuga-

207 1702 342 1747 tum
399 1698 508 1747 θεῖ,

382 1778 460 1837 ΙΙ.
513 1776 562 1855 ᾗ.
594 1779 822 1835 Status
859 1779 1249 1856 Religionis,
1310 1788 1372 1834 et
1407 1777 1928 1836 ‘Consvetzcdiniffl

202 1866 629 1929 Vetustissimi
666 1869 730 1925 in
771 1866 1067 1951 Aegypto
1088 1866 1403 1942 mortaleS,
1430 1867 1609 1950 plura
1637 1880 1700 1926 et
1722 1864 1939 1926 diver-

204 1980 267 2018 sa
310 1959 587 2021 Numina
629 1955 995 2033 coluerunt,
1036 1959 1404 2040 exstititque
1445 1956 1776 2039 Aegyptus
1816 1954 1932 2014 fal*

201 2071 305 2109 sae
339 2047 665 2131 religionis
704 2069 775 2106 ac
832 2050 1294 2130 superstitionis
1361 2061 1582 2108 mater.
1632 2043 1926 2106 Credide‘

201 2154 357 2200 runt
388 2151 601 2198 autem
637 2151 782 2197 ante
830 2139 1037 2196 omnia
1080 2136 1291 2198 Solem
1314 2183 1328 2212 ,
1368 2152 1431 2198 et
1472 2136 1707 2209 lunam,
1738 2136 1798 2216 b)
1825 2134 1934 2196 Sol

205 2243 343 2290 erat
377 2231 626 2311 signum
681 2230 987 2303 Osiridis‘,
1038 2241 1101 2288 et
1136 2224 1319 2309 hujus
1361 2230 1581 2287 uxoris
1614 2229 1805 2285 Isidis
1833 2225 1932 2284 lu·-

202 2341 283 2380 na
309 2366 326 2395 ‚
369 2320 428 2401 e)
473 2315 885 2378 crediderunt
919 2319 1087 2377 enim
1133 2321 1448 2376 Osiridem
1483 2319 1668 2376 initio
1718 2318 1930 2376 statim

205 2412 409 2493 regni,
442 2408 813 2492 Aegypti05‚
835 2407 1010 2492 inopi
1049 2420 1112 2469 et
1133 2406 1414 2491 belluina
1451 2409 1654 2469 vietus
1682 2408 1935 2467 ratione

1715 2495 1841 2557 sol-

365 2672 415 2725 la
448 2672 511 2726 L.
558 2669 609 2727 1.
643 2671 740 2726 fol.
782 2669 869 2728 33.
903 2672 963 2726 in
1001 2672 1364 2745 expositione.
1401 2669 1564 2727 Unde
1592 2670 1927 2726 Claudianus

364 2745 435 2801 L.
466 2742 519 2798 2.
561 2739 752 2797 contra
790 2744 1123 2815 Eutropium
1162 2745 1269 2797 ait:
1308 2745 1414 2797 Dat
1453 2754 1650 2797 cuncta
1687 2754 1927 2796 vetustas

363 2815 709 2888 Principium
743 2815 1073 2887 Phrygibus.
1104 2818 1221 2870 Nec
1239 2834 1338 2869 rex
1364 2818 1643 2888 Aegyptus
1670 2816 1816 2867 ultra
1837 2834 1929 2868 re-

364 2888 759 2951 stitit7humani
778 2897 1069 2959 postquam
1088 2905 1226 2959 puer
1246 2887 1429 2939 uberis
1448 2906 1645 2957 expers
1667 2887 1723 2938 in
1743 2888 1930 2960 Phry-

366 2961 510 3029 giam
551 2961 801 3033 primum
839 2959 1050 3012 laxavit
1081 2978 1370 3012 murmura
1409 2978 1621 3010 vocem.

270 3044 336 3121 (ί)
376 3049 537 3102 Diod.
572 3050 681 3103 Sic.
716 3050 779 3102 L.
814 3050 862 3102 1.
900 3050 1101 3103 Psalm.
1155 3046 1275 3103 105.
1331 3068 1381 3101 ν.
1417 3048 1465 3101 7.
1516 3047 1573 3120 b)
1613 3047 1932 3123 Macrobity

362 3120 586 3178 Satuxn.
616 3121 679 3174 L.
720 3140 765 3174 c.
804 3119 887 3174 17.
920 3124 971 3186 c)
1014 3121 1159 3174 idem
1197 3121 1260 3173 L.
1300 3118 1347 3175 1.
1377 3140 1420 3172 c.
1461 3118 1550 3177 21.
