2048 3786
600 216 1207 275 IIebraeorzcm,
1588 215 1667 275 95

84 419 190 460 sua
213 398 464 458 infantia
501 399 786 458 occidere
812 408 1062 455 conatus
1088 407 1177 453 est
1197 418 1207 452 ε
1228 392 1474 453 tandem
1489 397 1761 455 moriens

90 499 216 548 tres
265 488 413 548 alios
449 487 706 566 reliquit
738 486 1094 566 superstites
1141 479 1329 556 fili053
1362 483 1762 557 slrclzelaam,

81 577 442 654 Philippum
462 590 523 635 et
558 576 874 629 Iler-odem
910 573 1241 646 Antipam,
1279 573 1602 651 interquos
1621 574 1762 628 Acc—

79 678 309 740 gustas
342 678 621 745 paternas
653 659 865 718 divisit
900 673 1116 719 terras.
1165 659 1232 739 a)
1277 659 1495 718 Postea
1530 661 1767 716 Arche-

87 754 188 809 Iao
230 776 260 809 a
324 750 429 809 Ch.
477 752 530 811 6.
583 749 664 807 ob
699 747 1129 808 crudelitatem
1180 749 1244 805 iu
1288 745 1556 804 Galliam
1607 746 1768 807 rele-

85 855 248 920 gato,
292 841 350 917 b)
373 843 695 915 Augustas
725 838 966 918 regioni
997 837 1033 893 J
1037 834 1262 895 udaeae
1287 836 1766 894 Procuratorem

84 927 383 1009 praefecit
435 927 788 985 Romanum
813 971 828 999 ,
870 923 1115 1005 qualem
1155 923 1269 982 sub
1302 924 1546 982 Tiberio
1590 925 1768 981 Pila—

84 1027 215 1070 tum
256 1015 439 1073 fuisse
479 1017 733 1089 scimus3
800 1015 1127 1088 Philippus
1185 1014 1315 1071 sine
1358 1012 1530 1071 virili
1571 1014 1765 1094 stirpe

78 1126 132 1161 a.
179 1101 283 1161 Ch.
338 1105 433 1164 54.
491 1102 684 1178 obiit,
733 1099 906 1182 cujus
954 1097 1424 1161 Tethrarchiam
1487 1102 1766 1174 Tiberias

81 1194 446 1275 provinciae
489 1191 703 1272 Syriae
745 1188 1004 1271 adjecit,
1061 1211 1247 1272 quam
1288 1188 1432 1249 dein
1477 1192 1768 1266 Caligula

83 1279 161 1338 ab
206 1302 276 1340 ea
320 1280 691 1344 abstractam
731 1281 978 1336 Herodi
1017 1274 1345 1355 Agrippae
1385 1280 1683 1337 concessit
1706 1291 1768 1337 et

83 1389 297 1451 regem
342 1368 524 1428 simul
561 1365 910 1450 appellavit.
976 1368 1220 1426 Interea
1263 1368 1539 1442 Antipas
1576 1368 1769 1423 soan-

84 1460 183 1515 πίε
221 1458 530 1539 Baptistae
577 1453 942 1515 interfector
975 1469 1036 1516 et
1081 1457 1322 1513 Christi
1367 1454 1607 1515 derisor
1639 1455 1768 1513 Ro-

86 1568 254 1605 mam
284 1543 596 1628 profectus
655 1558 746 1604 est
773 1589 787 1617 ,
847 1558 916 1602 ut
958 1566 1153 1626 aeque
1197 1544 1459 1624 Regiam
1502 1542 1770 1624 dignita-

84 1646 211 1694 tem
256 1647 778 1715 consequeretur,
824 1631 930 1692 sed
974 1656 1007 1690 a
1060 1635 1351 1709 Caligula
1393 1635 1456 1689 in
1501 1631 1770 1691 Galliam

82 1721 459 1803 Lugdunum
498 1724 560 1778 in
597 1720 855 1780 exilium
918 1721 1220 1801 relegatus
1246 1765 1261 1794 ,
1310 1734 1372 1779 et
1401 1717 1768 1779 Tethrachia

81 1808 213 1890 ejus
250 1813 313 1868 in
356 1808 701 1890 Agrippam
734 1808 1020 1866 translata
1067 1821 1189 1882 est,
1236 1810 1342 1889 qui
1377 1808 1522 1868 dein
1574 1832 1622 1865 a.
1659 1805 1766 1866 Ch.

82 1902 185 1959 40.
237 1923 270 1956 a
322 1900 579 1955 Claudio
639 1899 823 1956 etiam
875 1895 1108 1954 Judaea
1152 1895 1444 1970 donatus,
1505 1897 1768 1954 nimium

81 1989 148 2045 in
184 1984 563 2046 Christianos
602 1987 853 2059 saeviit,
899 1986 1196 2041 Jacolmm
1235 1983 1540 2066 Majorem
1594 1985 1771 2066 Apo-

87 2075 312 2134 stolum
373 2075 812 2147 obtruncavit,
907 2076 1163 2130 Petram
1221 2075 1455 2133 carceri
1505 2072 1766 2131 inclusit.

87 2163 365 2223 Tandem
418 2160 534 2222 hoc
581 2184 730 2244 rege
777 2186 826 2220 a.
853 2158 957 2220 Ch.
999 2164 1098 2220 44.
1127 2161 1446 2221 vermibus
1484 2182 1772 2219 consum-

85 2268 187 2327 t0,
233 2251 462 2311 Judaea
504 2272 642 2311 suos
701 2272 876 2332 reges
920 2247 1149 2309 habere
1201 2248 1414 2324 desiit,
1481 2249 1771 2332 deinceps

83 2343 250 2401 enim
316 2341 528 2421 Syriae
561 2338 890 2414 attributa,
935 2353 999 2398 et
1047 2339 1448 2398 Procuratori
1482 2339 1767 2398 Romano

86 2427 568 2488 administranda
598 2427 737 2486 data
774 2442 863 2488 est
878 2451 894 2504 3
953 2450 1066 2511 per
1105 2448 1262 2509 quos
1302 2425 1448 2486 dum
1493 2428 1770 2486 severius

87 2537 156 2576 ac
196 2517 429 2577 indoles
460 2539 680 2579 eorum
733 2515 931 2577 ferret
980 2530 1426 2592 tractarentur,
1474 2517 1661 2575 armis
1706 2537 1771 2575 se

1614 2627 1678 2662 m

161 2790 222 2862 a)
259 2790 477 2860 Joseph.
513 2790 681 2861 antiq.
719 2790 779 2842 L.
812 2787 893 2842 17.
936 2808 980 2841 o.
1015 2787 1064 2840 9.
1097 2796 1149 2839 et
1177 2788 1241 2842 L.
1274 2786 1339 2839 de
1391 2789 1523 2843 Bell.
1564 2790 1686 2843 Jud.
1719 2791 1772 2848 2.

249 2880 293 2911 c.
347 2860 401 2915 6.
459 2862 506 2930 §.
547 2863 597 2915 5.
671 2859 722 2926 b)
764 2860 838 2909 De
877 2859 961 2909 his
1006 2858 1293 2920 ommium,
1346 2860 1555 2910 Auctor
1615 2862 1771 2912 nobis

251 2930 440 2981 unicus
483 2928 750 3001 Joseplms
787 2929 1032 2980 Flavius
1081 2937 1341 2995 superest.
1389 2928 1582 2981 Omnia
1623 2933 1770 2983 enim

247 3019 381 3070 quac
423 3001 722 3064 Saliana33
761 2998 1091 3057 TornicHUS‚
1127 2998 1375 3069 Capellus
1398 3038 1412 3062 ‚
1465 3000 1732 3053 Usherius
1754 3042 1767 3062 ,

246 3073 419 3132 Rosa,
462 3081 515 3123 et
545 3071 637 3122 alii
672 3071 736 3121 de
769 3070 929 3120 rebus
978 3068 1213 3121 Judamis
1250 3066 1536 3135 reserunt3
1577 3082 1768 3126 cuncta

249 3161 317 3194 ex
355 3140 589 3215 Joseplzo
621 3141 902 3197 hauriunt.
