2048 3786
360 140 400 200 6

265 320 498 407 quilini
539 336 839 387 terrestre
877 321 994 387 hoc
1039 325 1347 387 Palatium
1396 323 1711 398 incolere3
1770 343 1978 404 neque

262 426 546 473 exactam
587 414 905 476 Historiae
940 416 1416 498 intelligentiam
1448 413 1747 495 consequi
1796 433 1972 492 posse

261 524 450 563 nemo
489 504 780 587 negabit3
828 505 1112 564 locorum
1142 506 1309 565 enim
1330 550 1346 580 7
1396 505 1459 561 in
1493 502 1725 586 quibus
1756 501 1974 559 Histo-

259 593 379 651 rici
415 608 676 654 eventus
723 597 1129 677 contigerunt
1198 595 1515 676 ignoratio
1542 638 1557 666 ,
1602 594 1800 673 ipsam
1832 610 1969 646 nar-

259 682 525 744 rationis
567 681 754 745 fidem
777 729 793 759 ‚
831 685 882 743 si
922 706 1050 745 non
1075 697 1422 767 suspectam
1457 679 1677 741 saltem
1720 676 1979 737 dubiam

263 768 492 831 reddit.

531 959 1079 1037 Geograpliia
1138 955 1709 1016 UniversaliS.

443 1117 842 1203 Geographia
883 1134 977 1182 est
1001 1123 1332 1182 universae
1370 1120 1607 1179 Terrae
1637 1116 1820 1176 nobis
1864 1136 1973 1175 co-

260 1214 470 1294 gnitae
506 1208 864 1293 descriptio.
914 1209 1242 1269 Dividitur
1277 1211 1340 1267 in
1370 1210 1596 1267 Orbem
1622 1209 1977 1285 Cognitum,

263 1315 328 1360 et
370 1301 786 1376 Incognitzim.
836 1298 1026 1358 Orbis
1077 1301 1378 1376 Cognita-s
1401 1295 1710 1355 dividitur
1752 1297 1818 1352 in
1853 1295 1980 1353 Eu-

260 1410 513 1472 ropam,
561 1386 810 1461 Asiam,
848 1384 1165 1460 Africam,
1190 1400 1254 1446 et
1298 1384 1673 1444 Americam.
1702 1382 1836 1441 Sub
1858 1383 1983 1442 Or-

261 1477 340 1536 be
401 1477 722 1558 incognito
769 1472 1394 1558 comprehenduntur
1446 1473 1760 1557 Regiones
1817 1464 1986 1536 cirea

263 1564 446 1629 Polos
482 1565 809 1626 Arcticum
831 1611 847 1641 ,
883 1578 948 1625 et
987 1564 1443 1625 Antarcticum.

841 1747 950 1809 DE
1021 1744 1386 1845 EUROPA.

444 1914 490 1995 ᾗ.
547 1915 598 1973 1.
633 1911 911 1970 Termini
934 1909 1226 1991 Europae
1257 1920 1436 1968 sunt:
1464 1906 1543 1966 ab
1579 1908 1842 1971 Oriente
1864 1907 1981 1970 flu·-

262 2006 401 2066 vius
433 2004 678 2084 Obysus
705 2014 768 2061 et
809 1999 1052 2072 Tanais,
1094 1998 1271 2058 Mare
1290 1997 1606 2056 Euxinum
1630 2044 1646 2075 ,
1695 2000 1984 2083 Propon-

265 2099 343 2154 tis
369 2142 385 2170 ,
448 2093 624 2152 Mare
668 2089 967 2171 Aegeum.
1012 2123 1096 2132 —
1130 2086 1236 2145 Ab
1276 2084 1619 2147 Occidente
1661 2089 1840 2149 Mare
1864 2088 1982 2149 At-

263 2184 580 2244 lanticum.
607 2178 775 2238 -—-A
821 2178 1289 2260 Septemtrione
1343 2177 1627 2239 Oceanus
1669 2177 1978 2237 Glacialis.

265 2275 322 2334 A
377 2269 646 2334 Meridie
676 2269 855 2328 Mare
889 2264 1442 2326 Mediterraneum.
1477 2268 1837 2344 Longitndo
1858 2269 1983 2327 Eu—

264 2383 455 2447 ropae
499 2361 644 2421 900.
671 2357 959 2416 milliaria
985 2356 1198 2417 Germ.
1221 2354 1300 2413 ab
1321 2355 1478 2414 ostio
1506 2355 1654 2414 Obii
1677 2354 1853 2416 fluvii
1881 2379 1985 2416 us—

265 2475 391 2537 que
422 2448 497 2508 ad
529 2447 698 2507 Cabo
723 2445 800 2506 de
840 2446 1044 2504 Sanct.
1078 2445 1390 2504 Vincente
1426 2445 1489 2501 in
1509 2443 1824 2526 Algarbia.
1846 2449 1984 2504 La-

265 2544 470 2603 titndo
501 2539 644 2598 550.
675 2535 968 2594 milliaria
988 2558 1021 2592 a
1040 2535 1257 2616 Capite
1281 2533 1790 2616 Septemtrionali
1815 2535 1983 2618 Lap-

267 2633 492 2717 poniae
529 2648 727 2707 usque
769 2623 846 2682 ad
882 2625 1082 2706 Caput
1130 2623 1431 2705 Matapan
1486 2624 1552 2681 in
1612 2624 1848 2685 Morea.
1891 2659 1978 2668 ——-

264 2723 538 2801 Linguas
575 2716 868 2774 Matricas
915 2711 1187 2773 sedecim
1226 2725 1539 2789 statuunt3
1567 2735 1720 2797 quas
1760 2735 1978 2774 omnes

265 2811 371 2870 alii
412 2807 489 2866 ad
532 2819 805 2887 quatuor
838 2802 1181 2863 reducunt:
1235 2805 1581 2878 Latinam,
1649 2806 1980 2878 Graecam,

277 2905 333 2959 T
327 2898 754 2964 loeatonieam,
798 2909 862 2953 et
902 2895 1238 2967 Slaviccmz,
1286 2890 1429 2951 addi
1463 2906 1669 2974 potest·
1702 2894 1980 2971 Hnnga-

266 2993 407 3048 rica
430 3033 445 3062 ‚
469 3006 627 3069 quae
661 2996 795 3043 erat
829 2995 1112 3043 veterum
1136 2982 1537 3057 Hunnorum,
1573 2995 1636 3044 et
1673 2981 1976 3041 Avarum.

1727 3070 1895 3131 Gen-
