2048 3786
341 146 420 203 54
836 153 1227 212 Historia

243 329 544 403 Ascalon,
582 333 854 408 siff-sotiis,
900 337 1199 412 Raphia,
1248 346 1310 394 et
1355 335 1551 391 Gaza.
1591 369 1674 377 —
1722 337 1793 392 ln
1838 337 1955 393 Ja-

245 421 428 492 daea,
450 420 551 477 cui
575 421 778 481 tribus
802 423 838 481 J
844 423 999 483 udae
1026 446 1252 484 nomen
1273 422 1519 497 indidit,
1542 422 1758 506 plures
1783 437 1960 483 erant

241 506 539 569 Civitates
564 555 578 583 ,
613 533 883 593 quarum
920 516 1257 596 praecipua
1314 526 1376 573 et
1413 511 1784 596 metropolis
1818 526 1955 572 erat

239 597 673 676 Hierusalem,
722 601 875 660 olim
915 604 1107 661 Αθίία
1157 604 1478 678 Capitolia
1509 599 1672 662 dicta
1700 647 1716 675 ,
1760 599 1953 661 hodie

238 707 274 742 a
317 685 605 747 barbaris
657 691 857 749 Chatz
919 706 1198 754 vocatur,
1277 690 1419 750 Alia
1481 689 1615 750 loca
1674 690 1952 751 celebria

238 788 416 836 sunt:
461 778 716 836 „Iericho
743 825 758 855 ,
803 782 1001 860 heffa,
1041 784 1376 855 Caesarea,
1423 782 1775 855 Betlelzem‚
1812 782 1955 837 He-

237 864 426 939 bron,
473 878 534 923 et
570 869 897 943 Mambre,
947 885 1118 930 trans
1163 868 1505 930 Jordanem
1563 871 1912 927 Mac-heras
1938 913 1955 942 ‚

237 951 349 1010 ubi
382 968 521 1013 erat
545 950 845 1034 Sodoma}
892 957 1076 1020 hodie
1102 959 1267 1019 lacus
1294 957 1679 1041 Asphaltitis.
1711 994 1796 1002 —-
1843 956 1955 1015 Sa·-

238 1044 503 1101 mariam
546 1045 739 1103 ..Amri
780 1048 919 1108 Rex
946 1049 1140 1110 Israel
1174 1048 1491 1124 condidit,
1538 1045 1725 1108 hodie
1763 1047 1958 1106 Seba-

235 1143 331 1188 ste
361 1129 628 1208 dicitur,
676 1137 742 1195 in
780 1159 903 1219 qua
945 1140 1227 1199 civitates
1259 1152 1433 1197 sunt:
1486 1139 1753 1212 Siolwm,
1781 1139 1956 1195 Nea-

217 1222 395 1296 polis
418 1266 434 1295 ‚
493 1223 948 1298 Cclplzarnczicm
970 1273 986 1301 ,
1032 1229 1393 1284 Bethsaida
1415 1273 1432 1302 ,
1491 1228 1844 1284 Clzorcczim.
1866 1260 1952 1270 -—

231 1307 507 1369 Galilaea
539 1315 830 1395 superior
871 1329 933 1374 et
981 1314 1249 1376 inferior
1275 1361 1289 1389 ,
1327 1314 1432 1373 illa
1485 1315 1658 1395 Tyro
1718 1316 1955 1388 vicina,

228 1393 378 1458 haec
416 1395 495 1457 ad
551 1399 939 1464 Genezareth
987 1427 1159 1466 mare
1206 1402 1402 1489 jacet3
1446 1405 1731 1464 civitates
1769 1402 1959 1462 habet

231 1489 465 1562 Naim‚
523 1490 736 1566 Cana,
783 1493 1157 1571 Nazareth,
1227 1497 1530 1566 Gadara,
1598 1491 1811 1575 plures
1860 1491 1947 1560 la,-

228 1596 336 1636 cus
369 1576 553 1660 plane
589 1581 976 1665 navigabiles
1008 1581 1233 1659 habet,
1283 1598 1346 1644 et
1377 1584 1789 1667 praecipuum
1839 1579 1956 1640 flu-

225 1667 405 1728 vium
434 1669 753 1729 lordonis,
778 1673 1026 1733 Montes
1057 1696 1211 1736 vero
1228 1687 1402 1733 sunt:
1432 1677 1738 1748 Hermon,
1787 1673 1956 1730 Tha-

227 1755 361 1831 bor,
416 1758 638 1816 Gelboe
659 1805 675 1834 ,
725 1764 1053 1839 Gerizam,
1096 1766 1353 1839 Mispa,
1377 1763 1642 1836 Betlael,
1677 1763 1949 1835 Scirona,

242 1846 499 1904 Carmel
512 1892 527 1921 ‚
582 1850 753 1923 Sion,
778 1852 1066 1928 Morialz‚
1094 1855 1445 1928 Olivarzim‚
1475 1853 1818 1909 Calvczriae
1835 1865 1949 1910 ete.

405 1936 452 2016 ᾗ.
506 1940 560 1998 2.
607 1940 831 1997 Status
864 1944 1235 2021 Religionis,
1271 1941 1401 2001 Etsi
1426 1941 1757 2026 posteritas
1775 1942 1952 1997 'Semi

229 2025 298 2082 in
336 2024 510 2085 cultu
550 2030 685 2087 veri
725 2029 843 2089 Dei
891 2030 1000 2090 diu
1038 2033 1422 2115 perstiterit,
1470 2032 1638 2090 circa
1664 2044 1950 2113 tempora

221 2126 434 2174 tamen
472 2115 869 2196 Λόναῖιαῑηί,
936 2120 1256 2205 plerisque
1301 2118 1427 2205 jam
1469 2117 1830 2180 hominibus
1870 2117 1949 2177 ad

223 2200 528 2264 falsorum
563 2205 912 2269 Numinum
952 2209 1193 2275 cultum
1233 2209 1712 2272 deflectentibus
1734 2256 1749 2284 ‚
1797 2229 1948 2268 vera

220 2293 343 2352 Dei
383 2295 607 2355 notitia
635 2300 864 2363 sensim
898 2299 1228 2361 obliterari
1273 2302 1498 2386 coepit.
1560 2299 1723 2359 Nam
1775 2300 1946 2357 lecz-

223 2404 370 2440 ram
425 2399 672 2468 patrem
723 2389 1090 2448 Abraham·
1139 2390 1358 2452 alienis
1418 2391 1554 2450 Diis
1614 2389 1947 2449 servivisse

221 2472 556 2558 Scriptura
594 2475 652 2533 S.
705 2490 965 2539 testatur
990 2527 1005 2555 ,
1054 2503 1252 2564 quare
1273 2478 1604 2563 singularis
1643 2479 1761 2539 Dei
1798 2500 1948 2561 pro—

217 2562 536 2640 videntia,
587 2586 666 2624 ex
714 2570 1232 2654 Heberisstirpe3
1297 2592 1487 2653 penes
1547 2592 1738 2653 quam
1796 2590 1940 2627 usus

215 2650 472 2736 linguae
511 2654 864 2719 Hebraioae
899 2663 1197 2737 constitit,
1221 2662 1666 2720 Abrcclzamzim
1702 2681 1780 2719 ex
1803 2660 1944 2716 uni—

218 2764 400 2805 versa
443 2748 700 2807 natione
736 2746 926 2832 elegit
964 2774 1014 2809 a.
1058 2752 1143 2812 M.
1186 2752 1375 2813 2079.
1420 2773 1619 2835 quum
1662 2762 1820 2811 esset
1844 2748 1941 2808 75.

218 2856 550 2912 annorum,
596 2851 667 2897 ut
710 2852 867 2900 esset
917 2842 1199 2923 gentium
1266 2855 1478 2927 pater,
1535 2842 1601 2922 a)
1668 2854 1732 2902 et
1777 2835 1941 2921 apud

1730 2951 1848 2990 lm-

281 3093 340 3168 a)
379 3096 514 3151 Gen,
556 3096 642 3155 12.
674 3117 726 3156 V.
761 3097 809 3159 1.
838 3118 988 3174 seqq.
