2048 3786
516 226 722 291 post
767 214 1259 272 Diluviana.
1584 213 1664 272 49

55 416 154 454 ma
199 419 313 479 per
352 416 563 457 omnes
587 407 933 455 exercetur.
976 392 1090 452 IV.
1130 391 1547 450 Monarchica
1594 404 1747 448 tem-

39 498 282 561 perata
318 485 428 544 ubi
480 486 791 565 imperans
823 483 889 539 in
920 481 1223 542 exercitio
1257 500 1531 539 summae
1565 494 1751 562 pote-

52 577 266 657 51;11113.,ι
318 575 505 634 certis
546 571 787 653 legibus
821 585 913 631 est
953 570 1474 651 circumscriptus.
1521 568 1752 629 Omnes

52 661 207 723 aliae
241 662 497 722 Formae
523 660 845 742 regiminis
884 681 962 719 ex
1010 657 1104 717 his
1144 671 1288 718 sunt
1326 657 1705 738 compositae
1731 701 1748 731 ,

54 774 216 833 quae
248 754 469 808 vitiose
512 747 942 831 appellantur,
988 747 1126 807 talis
1164 761 1284 807 est:
1331 748 1376 803 Ι.
1410 746 1746 820 Despotis-

54 861 190 898 mus
225 838 334 897 ubi
367 837 572 896 nullae
605 836 771 920 leges
810 835 1096 920 publicae
1127 837 1437 908 existunt,
1481 831 1589 893 sed
1624 837 1749 893 Im-

56 948 278 1009 perans
307 948 425 1010 pro
454 924 659 984 lubitu
695 929 1063 1008 potestatem
1090 935 1356 985 exercet.
1405 922 1485 981 ΙΙ.
1541 924 1750 998 Tyra-

56 1019 307 1090 nismch,
353 1014 464 1073 ubi
501 1018 819 1098 Imperans
841 1035 1079 1074 summa
1109 1023 1416 1095 potestate
1439 1010 1561 1070 sibi
1594 1031 1748 1071 con-

50 1126 247 1178 cessa,
293 1125 410 1187 pro
455 1105 578 1162 suis
617 1101 1061 1187 cupiditatibus
1103 1123 1249 1161 cum
1302 1101 1634 1160 vexatione
1685 1112 1751 1159 et

48 1195 448 1275 oppressione
489 1212 746 1251 suorum
762 1190 1158 1252 subditorum
1175 1189 1474 1249 abutitur.
1497 1187 1589 1246 III
1615 1190 1746 1247 Oli-

36 1283 316 1357 garclzia
351 1280 461 1339 ubi
484 1282 871 1363 potentiores
888 1279 1147 1364 quidem
1169 1291 1539 1362 potestatem
1560 1298 1742 1337 exer-

44 1383 189 1428 cent
228 1373 290 1430 in
328 1370 654 1452 propriam
675 1369 1043 1444 utilitatem,
1077 1390 1205 1428 non
1237 1387 1392 1427 vero
1427 1366 1491 1424 in
1523 1366 1739 1448 reipu-

46 1456 242 1520 blicae
273 1457 651 1519 felicitatem.
700 1459 808 1518 IV.
855 1460 1185 1516 Anarcln'a
1226 1455 1337 1515 uhi
1370 1474 1485 1514 nec
1529 1455 1736 1536 Impe-

39 1569 183 1606 rans
222 1561 313 1608 est
337 1591 352 1621 ,
400 1568 515 1606 nec
550 1545 759 1628 legum
789 1547 1121 1607 auctoritas
1159 1542 1508 1628 quidquam
1551 1542 1734 1603 valet.

211 1636 258 1715 ᾗ.
311 1638 365 1696 4.
399 1639 570 1695 Inter
601 1633 985 1695 Patriarchas
1009 1650 1148 1717 post
1175 1633 1543 1706 diluvianos,
1592 1634 1735 1690 Sem

36 1726 442 1807 praecipuum
473 1723 679 1782 locum
709 1736 896 1798 tenet,
916 1721 1089 1807 cujus
1120 1722 1423 1783 memoria
1455 1718 1733 1780 celebra-

39 1827 141 1870 tur
169 1833 280 1872 eo:
328 1809 499 1894 quod
543 1813 776 1893 posteri
828 1814 957 1871 eius
1018 1815 1083 1870 in
1128 1811 1332 1871 veteri
1390 1810 1507 1868 Dei
1553 1806 1728 1867 cultu

34 1902 525 1984 permanserint,
547 1914 610 1959 et
647 1922 724 1959 ex
761 1903 955 1983 stirpe
996 1897 1125 1982 ejus
1159 1911 1519 1958 nasceretur
1552 1899 1725 1955 Mes-

33 1995 179 2048 sias,
219 2022 304 2033 —-
351 1991 536 2065 Peleg
564 1986 723 2046 filius
754 1991 997 2047 Heberi
1032 1987 1295 2049 celebris
1334 2008 1408 2046 eo
1431 2008 1442 2044 z
1469 1983 1640 2067 quod
1661 1987 1729 2044 in

36 2079 165 2162 ejus
201 2080 590 2137 nativitatem
645 2075 936 2137 inciderit
977 2074 1259 2138 confusio
1306 2074 1723 2155 Babylonica,

30 2183 92 2228 et
125 2165 386 2226 rebellio
422 2170 731 2240 Nimrodi,
777 2167 902 2248 qui*
922 2165 1199 2250 reliquos
1227 2163 1520 2225 mortales
1537 2185 1727 2223 vena-

29 2257 179 2316 toris
229 2256 420 2315 instar
451 2277 651 2339 agere,
672 2255 737 2335 a)
771 2279 994 2339 rapere
1014 2301 1029 2331 ,
1064 2254 1392 2339 persequi,
1424 2274 1724 2334 suamque

29 2346 91 2404 in
133 2357 499 2426 potestatem
531 2342 780 2405 trahere
803 2390 818 2420 ,
850 2347 1217 2429 primusque
1254 2343 1444 2403 urbes
1488 2339 1718 2401 conde-

26 2455 133 2517 re„
166 2455 489 2516 reparare,
559 2448 622 2494 et
665 2436 917 2494 munire
964 2433 1043 2494 ad
1109 2436 1502 2495 securitatem
1542 2452 1716 2489 suam

26 2524 262 2603 coepit3
326 2525 605 2583 ceterum
651 2523 936 2605 superbis
982 2524 1344 2583 mortalium
1389 2518 1715 2581 conatibus

24 2609 231 2669 divina
273 2633 487 2670 manus
525 2611 802 2686 obstitit,
848 2610 1262 2696 dispergendo
1324 2632 1439 2693 per
1484 2607 1709 2668 orbem

25 2701 386 2757 universum
421 2721 612 2780 genus
647 2698 1002 2759 humanum.

200 2787 245 2864 ᾗ.
298 2789 351 2847 5.
398 2790 587 2846 Artes
630 2801 688 2845 et
713 2791 1039 2848 Scientiae.
1094 2785 1459 2867 Babylonici
1496 2785 1707 2865 operis

22 2874 357 2952 artefacta,
403 2892 473 2936 ut
508 2879 697 2937 coctis
740 2876 1073 2954 lateribus,
1111 2875 1500 2958 collectoque
1539 2872 1708 2932 bitu-

809 2967 867 3026 D
1501 2984 1621 3020 mi·-

97 3134 154 3206 a.)
195 3136 332 3187 Gen.
373 3134 454 3191 10.
492 3154 539 3189 v.
575 3132 657 3189 11.
692 3134 887 3208 sulpit.
927 3136 1174 3188 Severus,
1203 3133 1264 3186 L.
1289 3129 1552 3186 l-Zonar.
1577 3126 1699 3181 T.1.
