2048 3786
694 208 960 264 Persa
984 228 1079 263 ru
1105 227 1180 261 m.
1536 210 1660 269 209

58 386 125 443 in
163 382 337 468 cujus
371 382 577 445 locum
611 375 977 442 Monarchia
1016 378 1416 439 Macedonica
1461 389 1749 446 successit

53 471 169 532 sub
205 472 689 552 Alexandro-M
734 493 769 528 a
816 467 991 548 cujus
1022 467 1200 527 obitu
1236 467 1440 527 denuo
1498 470 1753 555 dissipa-

54 576 189 620 tum
222 576 312 621 est
345 561 681 643 imperium
722 559 787 615 in
831 560 1076 616 minora
1101 557 1449 637 regimina,
1496 573 1557 618 et
1602 562 1752 620 Per—

56 650 215 709 sicae
234 650 596 733 provinciae
618 648 860 710 Seleuci
875 646 1159 728 posteriS,
1198 666 1304 704 seu
1327 645 1633 726 Syrorum
1652 670 1754 708 re-

48 737 231 820 gibus
269 739 475 821 primo
525 734 892 817 obtigerunt
926 755 1040 815 per
1105 736 1203 792 70.
1250 755 1478 810 annos3
1525 736 1754 816 quibus

46 841 259 909 postea
294 827 480 885 etiam
499 821 778 883 ademtae
801 835 946 881 sunt
975 823 1383 904 possessiones
1417 844 1450 879 a
1489 821 1763 899 Parthis,

46 917 158 996 qui
205 935 440 972 novum
494 913 848 972 excitarunt
893 910 1199 991 Regnum.
1294 910 1387 968 Ex
1435 909 1552 969 alia
1594 933 1748 973 vero

48 1015 226 1085 parte
271 1002 601 1061 Persarum
655 999 1018 1083 provinciae
1066 999 1132 1055 in
1175 998 1607 1059 Romanorum
1644 1023 1755 1061 ve—

45 1104 278 1149 nerunt
318 1102 701 1171 potestatem.
748 1088 828 1147 Et
867 1085 948 1144 ab
987 1083 1105 1146 hoc
1127 1100 1445 1171 tempore,
1505 1089 1753 1166 Persae,

47 1174 419 1237 Parthorum
442 1223 458 1253 ,
488 1191 550 1238 et
596 1177 1029 1236 Romanorum
1081 1172 1299 1257 jugum
1333 1175 1503 1236 ferre
1565 1198 1751 1259 coge—

46 1264 317 1342 bantur,
365 1287 562 1348 usque
607 1264 684 1323 ad
711 1286 944 1322 annum
989 1259 1095 1321 Ch.
1135 1268 1280 1324 227.
1328 1262 1477 1323 dum
1517 1265 1751 1325 Roma-

47 1356 144 1413 nis
181 1354 247 1434 a)
288 1357 647 1412 Alexander
685 1351 1085 1435 praefuisset3
1130 1354 1522 1411 Artaxerxes
1563 1355 1751 1414 Persa

47 1442 129 1501 ab
175 1443 507 1500 Artabano
556 1438 936 1501 Parthorum
981 1460 1129 1522 rege
1173 1437 1496 1516 deficienS,
1534 1443 1594 1523 b)
1615 1464 1748 1500 ma-

48 1552 170 1612 gno
209 1527 585 1590 Parthorum
628 1550 824 1611 regno
855 1526 1043 1588 finem
1103 1530 1434 1610 imposuit3
1488 1552 1751 1591 novam-

46 1641 172 1699 que
223 1619 556 1678 Persarum
595 1613 1025 1678 Monarchiam
1072 1613 1428 1694 inchoavit,
1488 1616 1566 1679 de
1622 1641 1744 1702 qua

51 1708 116 1764 111
163 1705 432 1767 secundo
466 1707 664 1765 Tomo
696 1705 954 1767 uberius
1005 1705 1428 1766 tractabimus.

214 1797 456 1853 Causae
520 1793 959 1854 destructionis
1013 1791 1415 1854 Monarchiae
1461 1794 1746 1856 Persicae

46 1896 226 1944 erant
250 1885 366 1967 ipsi
399 1884 728 1943 Persarum
758 1878 1164 1942 Monarchae:
1214 1885 1324 1964 qui
1372 1881 1520 1941 licet
1555 1885 1743 1943 totius

46 1970 178 2032 fere
211 1970 395 2030 Asiae
431 1984 632 2030 essent
663 1969 941 2044 domini,
994 1983 1201 2029 tamen
1246 1971 1745 2052 quotiescunque

43 2056 287 2140 Scythis
317 2073 423 2118 aut
461 2059 714 2119 Graecis
753 2055 987 2124 bellum
1014 2056 1398 2133 intulerunt,
1441 2079 1569 2117 non
1605 2081 1743 2119 mo—

41 2146 122 2206 do
158 2150 289 2207 sine
335 2146 547 2206 fructu
593 2145 888 2208 recedere
920 2146 1340 2227 cogebantur,
1401 2145 1506 2206 sed
1558 2146 1744 2230 plane

39 2234 330 2296 adversus
362 2238 525 2320 ipsos
563 2236 829 2296 Graecos
855 2234 1139 2296 felicibus
1183 2237 1464 2295 victoriis
1507 2238 1743 2293 anima-

39 2337 152 2398 tOS,
195 2346 374 2406 aegre
419 2323 755 2385 admodum
790 2345 852 2384 se
894 2322 1229 2385 defendere
1265 2337 1614 2399 noverunt3
1683 2325 1740 2404 c)

41 2412 207 2472 unde
251 2426 391 2495 post
430 2415 636 2471 Darii
672 2416 1032 2490 Hystaspis
1093 2427 1155 2473 et
1197 2415 1434 2470 Xerxis
1494 2410 1695 2472 Clades
1723 2458 1739 2485 ,

41 2520 418 2561 successores
476 2523 651 2584 reges
704 2501 1144 2585 prudentiores
1198 2500 1452 2574 redditi,
1488 2521 1738 2560 omnem

857 2592 910 2649 Ο
1463 2587 1646 2648 dein-

110 2791 169 2866 a)
208 2791 612 2843 Tillemontius.
652 2793 791 2844 Nota
837 2791 885 2842 5.
922 2790 987 2841 ad
1009 2789 1189 2842 Vitam
1222 2790 1540 2847 Alexandri.
1576 2792 1734 2844 Peta-

199 2864 319 2912 vius
358 2861 757 2931 Ration.temp.
794 2862 854 2910 P.
898 2862 961 2915 H.
1000 2861 1063 2912 L.
1097 2858 1148 2910 4.
1186 2879 1230 2914 e.
1272 2859 1319 2915 7.
1367 2859 1419 2928 b)
1462 2863 1526 2911 de
1565 2880 1732 2929 reguo

198 2931 416 2983 Pei-sieo
447 2932 704 2982 restituto
740 2931 878 2981 vide.
900 2931 1057 2981 Dion.
1090 2932 1237 2981 Cass.
1265 2930 1325 2981 L.
1350 2929 1433 2982 80.
1465 2933 1736 2984 Herodia-

198 3020 351 3054 num.
390 3001 458 3055 L.
498 3001 550 3052 6.
588 3000 893 3069 Agathiam.
930 3000 997 3054 L.
1026 2998 1074 3050 2.
1113 2998 1168 3067 c)
1206 3000 1470 3052 Hei-odoi.
1511 3003 1572 3054 L.
1615 3003 1738 3055 Lot

198 3091 248 3142 (3.
283 3071 475 3122 Justin.
509 3071 568 3122 L.
599 3069 648 3122 2.
683 3090 724 3123 e.
758 3069 808 3123 8.
842 3070 888 3124 9.
927 3088 1076 3143 seqq.
1106 3070 1427 3124 Plutarchus
1445 3072 1502 3123 in
1536 3074 1736 3126 Aristi-

201 3144 303 3208 de,
333 3140 599 3197 Miltiade.
