2048 3786
558 236 1172 295 Hebraeorum.
1546 232 1664 290 101

55 430 359 500 terpretes
413 420 599 479 etiam
678 427 1058 499 punctorum
1127 407 1321 492 primi
1398 409 1758 469 inventores

55 519 446 581 statuuntur,
496 506 794 589 quoniam
840 517 981 561 ante
1011 513 1301 580 tempora
1337 498 1609 568 Esdram,
1649 495 1760 553 Ju-

51 590 234 653 daeos
279 598 408 655 sine
469 594 718 678 punctis
764 591 981 671 legisse
1045 583 1375 669 probabile
1438 585 1534 643 sit.
1625 582 1760 642 Sub

65 681 464 766 Principibus
497 678 885 741 Machabaeis
920 671 1255 736 multitudo
1291 673 1761 754 Synagogarum

60 771 330 828 nimium
385 771 604 844 crevit,
654 771 818 829 inter
856 788 1014 849 quae
1056 763 1407 844 Gymnasia,
1449 773 1512 821 et
1544 759 1760 819 Scien-

57 859 286 917 tiarum
330 858 588 940 collegia
611 855 750 941 jure
773 854 1000 917 referri
1044 862 1320 935 possunt,
1363 849 1480 909 sub
1526 846 1757 931 quibus

60 947 456 1027 Principibus
484 947 796 1030 conscripi
833 956 977 1004 sunt
996 938 1177 1002 Libri
1210 935 1761 1006 Machabaeorum,

54 1047 119 1092 et
157 1034 353 1094 Liber
377 1035 741 1118 Sapientiae.
794 1033 924 1092 Sub
961 1024 1337 1090 Herodianis
1358 1024 1757 1108 Principibus

53 1143 300 1203 semper
352 1126 545 1204 magis
583 1125 787 1183 crevit
841 1135 904 1182 et
941 1122 1288 1181 Doctorum
1331 1135 1651 1188 numerus,
1698 1125 1762 1171 et

56 1209 540 1289 Gymnasiorum
571 1209 907 1271 multitudo
931 1254 949 1284 ,
996 1226 1144 1267 nam
1201 1217 1486 1286 tempore
1527 1199 1758 1262 excidii

56 1297 641 1381 Hierosolymitani,
684 1297 785 1360 vel
828 1301 893 1357 in
931 1294 1055 1357 sola
1109 1289 1220 1350 hac
1255 1291 1416 1351 urbe
1455 1303 1763 1352 tercentas

55 1386 410 1470 synagogas
465 1401 898 1449 numerarunt.
963 1380 1378 1446 Celeberrimi
1455 1380 1760 1440 Doctores

54 1477 267 1535 Hillel
295 1479 501 1536 senior
542 1491 604 1537 et
641 1478 1004 1536 Selmmmai
1035 1468 1540 1533 aestimabantur.
1586 1469 1764 1526 Jose-

41 1565 218 1640 phas
263 1567 531 1624 Flavius
569 1566 920 1625 Historicus
946 1561 1165 1622 Gentis
1198 1557 1553 1619 Hebraicae
1593 1554 1766 1617 cele-

56 1650 405 1729 berrimUS,
451 1653 877 1737 Antiquitates
906 1651 1363 1722 Hebraeorum,
1412 1659 1475 1707 et
1507 1644 1585 1707 de
1624 1643 1763 1704 bel-

59 1737 121 1799 lo
168 1739 426 1801 Judaico
464 1742 778 1825 eleganter
824 1741 1110 1824 scripsit,
1170 1737 1282 1818 qui
1337 1737 1507 1796 testis
1550 1732 1763 1793 ocula-

63 1841 158 1886 tus
179 1828 406 1888 excidii
426 1830 979 1912 Hierosolymitani
1005 1840 1152 1889 erat.
1202 1823 1370 1884 Ante
1399 1845 1586 1906 quem
1607 1824 1701 1880 Plz
1714 1824 1769 1879 i-

55 1919 112 1975 lo
143 1918 179 1974 J
185 1916 414 1979 udaeus
455 1918 692 2003 legatus
736 1917 905 2002 apud
951 1918 1282 1977 Romanos·
1333 1912 1479 1972 Post
1518 1911 1764 1994 disper-

62 2005 299 2066 sionem
339 2022 549 2068 autem
586 2007 981 2069 celeberrimi
1006 2006 1344 2086 scriptores
1371 2014 1550 2062 erant
1584 2001 1765 2058 Rab-

57 2094 120 2151 bi
160 2096 364 2172 Jada,
412 2111 475 2157 et
503 2099 709 2156 Babba·
764 2099 1036 2155 Ioannes
1082 2089 1636 2151 Thalmudicorum
1687 2087 1762 2146 li-

62 2182 328 2243 brorum
374 2188 862 2247 concinnatores.
929 2186 1022 2246 De
1064 2183 1504 2244 Hebraeorum
1553 2176 1765 2239 Philo-

72 2269 414 2355 sophorum
453 2278 634 2335 sectis
656 2322 671 2350 ,
724 2299 802 2336 ex
849 2275 1116 2350 Josepleo
1153 2274 1381 2329 Flavio
1423 2266 1568 2329 vide
1606 2264 1775 2351 apud

59 2362 521 2422 Heinneccc'am.
571 2367 636 2445 α)
662 2366 905 2426 Nostris
941 2359 1352 2445 temp01⁴ibuS‚
1405 2356 1653 2418 Judaeis
1690 2355 1767 2413 li-

57 2451 255 2509 citum
311 2467 402 2511 est
440 2450 672 2513 scholas
713 2452 1211 2514 Christianorum
1258 2448 1430 2510 adire
1457 2496 1473 2523 ,
1519 2450 1632 2531 qui
1675 2443 1764 2503 al—

62 2539 221 2596 tiora
252 2543 439 2599 etiam
495 2541 695 2601 studia
760 2541 1183 2616 absolventeS‚
1251 2541 1642 2624 potissimum
1700 2555 1763 2593 se

59 2623 136 2682 ad
177 2641 373 2687 artem
411 2629 719 2691 Medicam
765 2629 1096 2715 applicant.

1483 2865 1681 2922 Ani-

132 3093 189 3156 a)
232 3089 377 3148 Hist.
432 3090 686 3144 UniverS.
722 3108 768 3142 c.
807 3086 889 3142 11.
926 3089 974 3158 §.
1011 3086 1095 3144 16.
