2048 3786
342 128 463 186 154
553 103 556 106 ’
896 132 1318 189 Historia

239 332 501 395 corpus,
549 334 882 396 quousque
917 312 1072 372 illud
1124 315 1564 397 incorruptum
1608 328 1714 375 est.
1762 314 1950 375 Ratio

240 404 452 484 itaque
499 402 1078 486 prae-parandorum
1126 406 1210 461 ita
1244 402 1620 462 cadaverum
1656 406 1720 461 in
1744 404 1952 484 Syste-

237 505 404 551 mate
447 491 768 575 religionis
828 491 1144 550 fundatur.
1193 526 1278 534 -—
1327 491 1575 551 Floruit
1629 507 1954 574 praeterea

238 579 404 661 apud
422 583 766 665 Aegyptios
783 584 970 642 etiam
988 579 1404 662 Philosophia,
1426 584 1724 664 quoniam
1740 603 1954 643 omnes

239 668 674 754 Philosophiae
755 670 1024 731 cultores
1086 672 1164 732 ad
1221 676 1582 754 Aegyptum
1660 686 1958 752 tanquam

244 781 461 818 veram
497 782 816 819 musarum
839 775 902 820 et
931 762 1267 845 sapientiae
1287 760 1495 822 sedem
1535 759 1953 834 confluebant,

236 870 550 931 nemoque
590 871 740 910 vere
778 852 1019 933 sapiens
1057 852 1454 926 credebatur,
1503 852 1622 908 nisi
1650 873 1684 908 a
1730 850 1950 930 Mystis

236 934 627 1021 Philosophis
657 940 985 1022 Aegyptiis
1022 942 1376 1002 instructus
1449 939 1746 1000 Ceterum
1804 938 1952 998 licet

233 1042 625 1086 enumeratas
659 1031 944 1088 scientias
969 1031 1439 1112 percoluerunt,
1486 1029 1713 1088 multas
1746 1042 1953 1089 tamen

234 1114 381 1173 alias
417 1131 677 1176 naturae
723 1131 921 1193 arteS,
969 1133 1032 1178 et
1073 1123 1357 1181 scientias
1401 1121 1525 1178 uti:
1593 1117 1905 1178 Medicam
1931 1163 1947 1191 ,

233 1206 629 1280 statuariam,
671 1209 982 1288 picturam
1014 1222 1127 1267 etc.
1164 1208 1240 1267 ad
1276 1230 1573 1290 magnum
1609 1206 1949 1291 perfectio-

240 1296 336 1351 nis
378 1292 642 1374 gradum
685 1293 849 1353 haud
891 1312 1255 1357 evexerunt.
1306 1294 1495 1377 Cujus

394 1382 847 1467 Impedimenta
901 1384 1160 1445 fuerunt
1221 1391 1272 1447 1.
1349 1390 1946 1462 Temperamentmn.

232 1471 508 1554 Populus
543 1474 712 1532 enim
737 1475 1160 1558 Aegyptiacus
1196 1478 1396 1536 omnis
1430 1474 1702 1535 laetitiae
1742 1477 1951 1533 inimi-

233 1583 374 1636 cus,
424 1584 672 1646 semper
726 1563 1206 1625 melancholicus
1272 1565 1425 1641 fuit,
1479 1565 1619 1625 ideo
1672 1586 1799 1624 non
1843 1587 1948 1638 ea,

237 1673 398 1733 quae
461 1649 704 1712 homini
765 1654 1070 1713 naturalia
1139 1671 1283 1715 sunt
1348 1655 1778 1730 scrutabatur,
1841 1652 1948 1714 sed

230 1762 478 1824 semper
518 1743 582 1800 in
628 1746 924 1805 misteriis
965 1760 1302 1829 corruptus
1356 1744 1488 1826 ejus
1522 1758 1735 1827 gustus
1769 1758 1904 1804 erat
1930 1790 1946 1818 ,

230 1844 302 1888 ut
335 1834 476 1890 satis
513 1834 575 1889 in
615 1833 1045 1916 pyramidibus
1085 1857 1147 1895 se
1172 1833 1560 1909 manifestat,
1611 1856 1775 1916 quae
1810 1856 1947 1892 mo-

231 1918 317 1979 les
343 1966 357 1993 ,
404 1923 602 2002 magis
641 1922 718 1982 de
758 1926 1069 2006 pacientia
1120 1925 1380 2007 populi,
1429 1946 1622 2006 quam
1660 1922 1737 1982 de
1773 1923 1945 1982 bono

229 2024 412 2090 gustu
452 2025 773 2070 testantur.
844 2012 1262 2074 Melancholia
1297 2015 1466 2074 enim.
1496 2016 1794 2072 musicam
1834 2012 1946 2072 eli-

229 2101 529 2176 minavit,
577 2102 644 2181 a)
694 2106 982 2163 eremitas
1013 2126 1168 2164 vero
1188 2119 1362 2163 tanto
1401 2126 1668 2163 numero
1707 2101 1945 2187 produ-

229 2190 343 2262 xit,
391 2203 462 2247 ut
494 2204 634 2272 post
671 2191 1166 2275 quadringentos
1188 2214 1402 2265 annOS,
1429 2191 1504 2251 ad
1542 2197 1639 2254 70.
1675 2208 1737 2254 et
1779 2191 1943 2251 ultra

229 2276 425 2336 millia
488 2296 994 2342 numerarentur.
1046 2286 1120 2341 Π.
1160 2286 1458 2358 Corporis
1495 2284 1942 2357 conformatae,

229 2389 390 2449 quae
449 2368 614 2451 apud
660 2393 874 2431 omnes
913 2373 1333 2456 Aegyptiacos
1366 2387 1509 2457 'erat
1527 2371 1701 2432 rudis
1740 2387 1804 2433 et
1827 2374 1945 2431 im-

228 2459 747 2540 proportionata,
810 2461 978 2522 unde
1033 2484 1261 2545 corpus
1316 2463 1600 2545 ipsorum
1658 2460 1942 2522 nobilem

225 2546 783 2609 corformationem
824 2573 953 2611 non
1005 2549 1277 2627 habens,
1316 2550 1619 2612 artificem
1674 2552 1941 2611 nullate—

208 2659 342 2695 ffnus
379 2636 456 2694 ad
518 2641 611 2698 sui
660 2642 1075 2700 imitationem
1146 2664 1370 2726 rapere
1437 2643 1686 2726 potuit,
1739 2663 1938 2725 quare

227 2730 412 2785 etiam
445 2728 727 2811 neglecta
771 2728 893 2790 fuit
923 2735 1206 2815 pictura,
1253 2734 1551 2791 statuaria
1589 2745 1718 2792 etc:
1767 2731 1937 2791 unde

1639 2845 1854 2884 omnes

296 2974 354 3035 a)
394 2970 554 3025 Diod.
593 2971 700 3024 Sic.
740 2972 803 3027 L.
844 2971 893 3025 1.
935 2992 980 3025 c.
1020 2970 1104 3025 81.
1159 2973 1425 3025 Musicam
1465 2991 1561 3025 ceu
1596 2972 1844 3025 inutilem
1882 2981 1938 3024 et

385 3042 608 3092 noxiam
648 3045 922 3108 aversari,
965 3045 1112 3114 quod
1147 3062 1396 3098 virorum
1436 3046 1646 3097 animos
1687 3043 1935 3097 effoeml-

387 3122 496 3164 net.
540 3113 707 3171 Plato.
746 3116 808 3168 L.
843 3114 900 3171 2,
934 3116 999 3167 de
1043 3115 1272 3185 legibus·
