2048 3786
380 185 459 251 52
880 189 1329 248 Historia

287 350 403 416 bus
420 402 437 432 ,
485 356 552 437 a)
599 373 876 440 quorum
908 356 1210 416 successio
1241 372 1369 415 non
1389 365 1525 415 erat
1540 371 1618 414 ex
1651 356 1821 412 certa
1846 343 1992 410 stira

289 463 368 530 pe
394 492 410 521 ,
457 445 565 506 sed
609 447 785 529 quasi
831 440 898 503 in
942 444 1358 504 Aristocratia
1405 444 1680 504 seniores
1711 440 1996 500 tribuum

292 534 690 618 eligebantur
725 557 844 618 pro
860 527 1204 595 Judici'bus.
1252 536 1424 607 Quae
1443 531 1643 593 forma
1667 528 2001 590 Gubernaae·

294 626 484 685 tionis
529 623 764 708 populo
806 627 890 684 ita
927 622 1246 707 flagitante
1284 636 1524 682 mutata
1556 634 1648 681 est
1681 644 1716 679 a
1753 620 1889 679 Deo
1930 619 1996 675 in

289 713 604 796 Regalem.
653 714 714 794 b)
751 714 1049 775 Successu
1096 723 1303 775 temen
1340 711 1642 796 temporis
1681 708 2002 771 Israelitae

289 799 492 863 varias
532 802 913 864 calamitates
957 803 1150 887 passi,
1213 801 1464 863 tandem
1519 821 1718 883 regno
1778 796 1998 868 exuti,

290 889 609 975 variisque
635 892 951 952 bellorum
976 891 1448 977 tempestatibus
1471 891 1712 974 agitati,
1758 889 1843 948 ob
1887 906 1999 945 ve—

293 979 570 1041 cordiam
594 1029 610 1057 ,
646 982 710 1040 in
760 1003 824 1042 se
865 981 1148 1041 divinam
1209 983 1367 1040 iram
1407 992 1879 1065 provocarunt3
1934 994 2005 1032 ac

288 1091 472 1153 saepe
511 1070 700 1145 victi,
749 1084 858 1130 aut
890 1069 955 1129 in
989 1073 1360 1132 servitutem
1397 1071 1737 1153 exportati,
1783 1061 2002 1152 jugum

287 1161 645 1219 vicinorum
701 1159 803 1219 vel
842 1161 1031 1219 etiam
1094 1158 1681 1220 remotissimorum.
1725 1154 1998 1241 populo-

289 1271 434 1307 rum
479 1250 538 1330 ο)
582 1249 675 1307 uti
717 1247 1215 1332 Aegyptiorum,
1248 1245 1740 1324 Chaldaeorum,
1786 1243 2007 1307 Medo*—

288 1359 434 1396 rum
460 1383 476 1412 ‚
524 1339 899 1414 Persarum,
945 1336 1396 1413 Macedonum‚
1460 1358 1531 1396 ac
1563 1337 2002 1397 Romanorum

287 1428 571 1510 experiri
607 1426 1027 1509 cogebantur:
1074 1425 1306 1509 quibus
1368 1440 1576 1487 tamen
1621 1424 1997 1485 calamitati-

288 1515 404 1576 bus
442 1513 609 1576 haud
643 1531 963 1577 cessarunt
979 1516 1283 1578 seditiosis
1303 1515 1427 1576 suis
1462 1514 1756 1592 consiliis,
1788 1537 1871 1591 se,
1894 1535 1996 1573 su·-

290 1628 519 1691 amque
551 1619 803 1689 gentem
840 1607 1089 1690 penitus
1113 1605 1532 1691 pessumdare,
1578 1605 1777 1668 donec
1801 1607 2006 1689 ipsum

291 1698 531 1755 Filiam
565 1698 698 1755 Dei
735 1698 920 1757 toties
965 1697 1425 1782 appromissum
1475 1700 1785 1756 Mes-siam
1817 1696 2007 1758 scele-

292 1786 574 1846 stissimis
629 1787 752 1845 suis
792 1786 1082 1848 manibus
1128 1784 1623 1865 crucifixerunt3
1669 1785 1838 1867 unde
1884 1808 2005 1845 no-

291 1895 438 1934 vam
473 1872 980 1938 maledictionem
1024 1877 1404 1961 promeriti,
1466 1899 1582 1961 per
1623 1879 1837 1935 Titum
1878 1878 2005 1935 Ve-

293 1966 659 2040 spasianum
715 1964 1175 2049 Hierosolymis,
1210 1966 1429 2050 captis,
1469 1965 1683 2027 multis
1723 1964 2005 2028 centenis

295 2052 573 2113 millibus
595 2051 982 2116 Judaeorum
1013 2059 1249 2133 occisiS‚
1288 2054 1523 2117 {Iudaea
1547 2055 1818 2132 devicta,
1855 2074 2005 2140 gens

294 2154 426 2204 tota
449 2165 566 2231 per
586 2142 812 2206 orbem
847 2142 1141 2232 dissipata
1164 2160 1271 2210 est.
1321 2145 1569 2208 Urbem
1594 2145 1854 2231 quidem
1876 2146 2006 2204 Ae-

1793 2238 1919 2295 lias

361 2453 424 2528 α)
451 2457 791 2586 ss‘gsssssszcfia.
802 2457 1679 2593 161·AE33h⁸151¹13¹155⁰f1¹13..¹³s'3}3{3.
1697 2464 2010 2594 ῗὲιῖἃὸἕὲιῗ

450 2597 573 2652 fiuS.
612 2600 751 2653 Hist.
789 2602 1066 2660 Judicum.
1139 2605 1194 2679 b)
1233 2608 1362 2665 Joh.
1391 2610 1521 2680 Bap.
1564 2609 1901 2664 Sinniehius.
1933 2613 2000 2664 de

449 2670 614 2750 Saule
632 2672 828 2725 Gentis
847 2674 1010 2728 Israel
1046 2677 1215 2730 Proto
1259 2681 1575 2735 Monarcha.
1607 2681 1828 2751 Joseph.
1856 2683 1895 2735 F
1900 2683 2007 2741 lav.

452 2751 626 2812 antiq.
657 2743 720 2800 L.
758 2743 805 2798 7.
836 2763 952 2815 cap.
973 2748 1193 2803 ultimo,
1231 2751 1293 2804 L.
1333 2751 1416 2805 13.
1461 2773 1506 2805 c.
1540 2752 1623 2808 16.
1655 2763 1711 2805 et
1738 2756 1801 2810 L.
1841 2752 1923 2808 16.
1950 2776 1997 2811 c.

452 2810 540 2866 11.
568 2814 728 2867 Dion.
760 2817 971 2869 Cassius
1002 2819 1058 2870 in
1097 2820 1396 2876 Hadriano·
1435 2823 1498 2877 L.
1514 2825 1599 2880 69.
1674 2823 1729 2897 c)
1765 2826 1822 2878 Il.
1863 2825 1994 2895 Reg.

453 2881 539 2939 17.
586 2885 806 2957 Joseph.
840 2889 1013 2961 antiq.
1051 2891 1113 2943 L.
1152 2892 1201 2946 9.
1238 2913 1283 2946 c.
1337 2893 1422 2950 13.
1455 2914 1570 2969 seq.
1607 2896 1717 2949 Jac.
1751 2896 1998 2948 Salianus

454 2953 523 3005 ad
556 2973 604 3008 a.
647 2956 724 3009 M.
764 2956 924 3011 3314.
967 2971 1020 3012 et
1069 2960 1153 3017 15.
1187 2964 1343 3018 Esdr.
1391 2986 1437 3018 c.
1477 2965 1528 3021 1.
1557 2966 1778 3038 Joseph.
1814 2968 1878 3022 L.
1916 2966 2003 3022 11.

455 3046 501 3076 c.
554 3023 604 3078 1.
647 3028 820 3107 antiq.
868 3030 1069 3084 Paulus
1122 3035 1267 3087 Eber
1327 3037 1476 3095 Hist.
1529 3037 1781 3094 Judaicae
1831 3038 2010 3109 gentis

454 3104 576 3166 post
612 3107 982 3169 captivitatem
1042 3105 1452 3179 Babylonicam.
