2048 3786
356 147 481 206 542
928 153 1354 211 Historia

259 331 626 392 Alexander·
647 337 964 397 continuis
1010 337 1191 398 bellis
1226 350 1664 420 occuparetur,
1706 335 1971 396 admini-

259 420 575 482 strabatur
610 427 862 507 optimis
904 429 1202 487 institutis
1228 449 1343 510 per
1383 425 1734 487 Praefectos
1763 441 1825 487 et
1843 427 1973 486 Du—

259 530 376 570 ces.
421 515 781 574 Alexandro
841 530 1048 577 autem
1093 531 1384 592 mortu0‚
1433 518 1732 599 quoniam
1782 518 1830 574 is
1864 538 1973 574 ne—

261 601 498 662 minem
534 624 954 668 successorem
1000 605 1329 690 designare
1374 606 1705 679 voluisset3
1753 618 1849 664 tot
1880 602 1972 664 fe-

263 712 334 750 re
389 712 568 774 reges
642 710 1014 772 evaserunt,
1075 710 1232 780 quot
1293 709 1473 757 erant
1526 691 1834 755 Praefecti
1909 706 1974 752 et

261 778 488 855 DuceS‚
528 784 641 864 qui·
675 786 1019 866 provinciis
1045 788 1335 869 Proregis
1367 783 1551 844 titulo
1573 787 1803 844 interse
1828 806 1973 867 par—

261 868 410 944 titis,
451 891 697 951 praesse
719 888 1081 957 coeperunt.
1115 878 1324 948 Quum
1341 888 1549 935 autem
1574 871 1805 933 familia
1822 872 1975 930 Ale-

258 961 493 1014 xanclri
519 956 741 1020 ‘fuisset
774 965 1136 1046 exstirpata,
1174 985 1390 1025 omnes
1420 965 1696 1046 Regium
1719 960 1975 1022 titulum

261 1063 717 1126 assumserunt3
765 1050 932 1112 unde
967 1055 1328 1112 Alexandri
1354 1052 1831 1113 Macedonicum
1857 1053 1975 1109 im—

261 1138 550 1219 perium,
600 1152 873 1220 quatuor
912 1155 1196 1224 separata
1239 1163 1434 1224 regna
1473 1145 1760 1225 peperit,
1799 1162 1974 1201 nem-

265 1244 376 1305 pe:
416 1227 932 1306 Macedonicum,
995 1232 1399 1308 Asiaticum,
1463 1233 1804 1308 Syriacam
1826 1276 1841 1305 ‚
1913 1243 1976 1289 et

263 1314 771 1392 Aegyptiaoum:
823 1342 985 1404 quae
1048 1320 1165 1381 sub
1220 1323 1501 1405 propriis
1545 1320 1825 1402 Regibus
1881 1331 1975 1380 sat

260 1399 369 1461 diu
411 1402 798 1486 floruerunt,
839 1408 1041 1473 donec
1087 1410 1519 1471 Romanorum
1576 1408 1792 1493 jugum
1825 1428 1979 1468 cun-

263 1506 363 1551 cta
397 1493 610 1557 subire
655 1514 1050 1582 cogerentur.
1134 1501 1356 1584 Itaque
1415 1499 1787 1562 Macedonia
1835 1511 1975 1583 post

258 1598 534 1646 mortem
574 1590 927 1649 Alexandri
971 1593 1061 1648 JU.
1114 1593 1368 1676 imperii
1407 1589 1777 1674 dignitatem
1825 1589 1980 1647 ami-

259 1673 376 1748 sit,
424 1688 488 1735 et
531 1674 733 1738 solum
773 1682 955 1764 regni
983 1679 1238 1741 titulum
1272 1681 1570 1759 retinuit3
1616 1678 1791 1764 cujus
1829 1677 1977 1737 ulti-

261 1784 402 1823 mus
440 1787 553 1825 rex
605 1782 740 1828 erat
775 1771 1041 1830 Perseus
1080 1794 1115 1830 a
1152 1771 1455 1831 Romanis
1493 1785 1724 1854 captus.
1768 1769 1826 1829 A
1864 1791 1973 1826 ur-

262 1850 360 1911 bis
401 1853 689 1919 conditae
739 1860 883 1922 586.
933 1862 1164 1923 Omnes
1201 1875 1410 1922 autem
1445 1858 1508 1919 hi
1543 1863 1745 1943 Reges
1771 1905 1786 1936 7
1825 1859 1974 1941 quia

259 1940 344 2000 ab
401 1944 654 2004 Carano
715 1951 1077 2010 Heraclida
1126 1953 1250 2012 orti
1302 1949 1720 2012 credebantur
1748 1997 1763 2024 ‚
1835 1948 1976 2008 ideo

264 2034 495 2113 passim
527 2037 930 2097 Heraclidae
962 2042 1278 2100 nominari
1313 2041 1668 2101 voluerunt.
1719 2041 1811 2099 De
1856 2060 1972 2096 no—

260 2122 355 2179 vis
390 2118 482 2182 his
514 2141 792 2207 quatuor
823 2132 1031 2214 regnis
1073 2133 1269 2192 enatis
1298 2176 1314 2206 ‚
1362 2129 1625 2191 inferius
1688 2127 1974 2219 specifice

263 2207 568 2273 brevibus
608 2238 875 2299 agemus.
949 2237 951 2239 ’

392 2302 470 2380 §.
521 2305 578 2363 4.
631 2309 855 2366 Status
908 2312 1082 2369 Belli
1136 2322 1197 2368 et
1251 2314 1555 2371 memoria
1603 2311 1972 2384 Principum

266 2391 586 2451 Virorum.
653 2396 726 2456 In
766 2398 1029 2463 Graecia
1084 2400 1312 2484 Magna
1361 2399 1839 2461 Macedonicum
1875 2422 1975 2459 re-

259 2499 455 2560 gnum
494 2488 886 2570 temporibus
907 2492 1223 2569 Lycurgi,
1282 2493 1572 2558 Caranus
1604 2486 1973 2551 Heraclida-

258 2590 401 2629 rum
442 2569 571 2634 dux
620 2574 938 2654 fundavit3
986 2581 1052 2660 a)
1101 2582 1268 2641 inter
1297 2576 1473 2661 cujus
1497 2581 1796 2641 obscuros
1836 2601 1975 2638 suc—

259 2677 532 2722 cessores
595 2667 828 2726 Coenus
890 2662 966 2729 et³
1002 2673 1301 2749 Tyr-imas
1355 2670 1417 2751 b)
1463 2674 1691 2756 passim
1737 2691 1973 2731 memo-

1741 2782 1888 2822 ran-

329 2941 391 3015 a)
428 2943 733 2998 Marsham.
766 2945 976 3002 Chron.
999 2957 1128 3001 sect,
1168 2946 1251 3002 15.
1326 2948 1379 3016 b)
1412 2951 1591 3004 Series
1618 2951 1828 3023 Regum
1851 2953 1968 3006 Ma-

422 3015 695 3070 cedoniae.
743 3035 827 3090 ap.
870 3020 1146 3072 Justinum
1194 3022 1255 3073 L.
1309 3020 1356 3074 7.
1394 3033 1450 3073 et.
1498 3023 1796 3078 Eusebium
1833 3023 1967 3079 item

419 3085 476 3138 in
514 3087 841 3161 Fragmento
879 3090 1116 3163 Dexippi
1147 3093 1435 3154 Herennii,
