2048 3786
372 180 453 238 94
931 185 1334 242 Ilistorz'a

280 361 484 420 securi
530 381 855 444 percussus
882 409 897 438 ,
945 364 1333 422 Aristobolus
1377 384 1531 423 vero
1567 385 1806 426 veneno
1829 367 1976 427 sub-

278 447 437 508 latus
482 464 588 509 est.
635 451 732 530 a)

440 542 513 597 In
556 550 722 597 tanta
758 539 1027 599 fratrum
1074 539 1451 601 dissensione
1490 540 1833 618 Antipater·
1868 567 1979 604 na-

281 630 452 688 tione
508 627 869 704 IdumanS,
921 653 954 688 a
984 631 1241 690 Caesare
1289 627 1561 690 Judaeae
1603 648 1980 712 procurator

277 720 687 791 constitutus,
748 741 895 778 mox
953 717 1257 801 majorem
1312 717 1515 777 filium
1592 721 1977 781 Plzccsccelam

276 805 751 887 Hierosolymis,
797 810 1117 865 Herodem
1140 829 1293 868 vero
1317 806 1628 868 Galilaeae
1655 809 1973 892 praefecit,

280 895 342 975 b)
389 898 502 977 qui
538 910 678 978 post
708 918 982 979 pugnam
1025 895 1525 981 Philippensem,
1571 898 1649 957 ab
1697 901 1974 959 Antonio

280 982 756 1044 Tethrarchiam
792 986 1098 1063 obtinuit,
1146 1001 1207 1048 et
1243 1008 1371 1046 non
1398 985 1743 1069 multopost
1781 1011 1978 1070 quum

274 1076 628 1152 Antigonus
674 1077 1028 1144 Aristobzzlc'
1071 1074 1231 1135 filius
1277 1074 1525 1134 auxiliis
1592 1075 1973 1138 Parthorum.

274 1163 340 1219 in
376 1162 673 1222 Judaeam
695 1167 994 1240 venisset,
1040 1166 1325 1224 IIerodes
1343 1168 1473 1224 sine
1499 1187 1673 1223 mora
1706 1167 1971 1228 Romam

269 1249 346 1308 ad
394 1253 739 1310 Antoniam
784 1250 979 1334 fugit,
1025 1252 1133 1311 ubi
1183 1268 1433 1337 praeter
1477 1276 1648 1336 spem
1684 1278 1715 1311 a
1752 1270 1969 1316 senatu

270 1361 385 1399 rex
421 1340 691 1401 Judaeae
731 1356 818 1401 est
859 1340 1154 1400 salutatus
1201 1357 1262 1402 et
1301 1357 1667 1417 coronatus,
1716 1348 1773 1423 c)
1823 1345 1959 1404 Un-

268 1426 346 1488 de
370 1432 434 1486 in
467 1431 502 1488 J
509 1430 762 1490 udaeam
787 1452 1075 1490 reversus
1110 1452 1253 1489 eum
1277 1432 1583 1487 Antiocho
1623 1430 1864 1493 duobus
1903 1449 1965 1494 et

264 1518 527 1602 amplius
567 1522 742 1579 annis
779 1535 1032 1581 strenue
1054 1519 1331 1592 bellavit,
1380 1519 1628 1580 tandem
1672 1523 1802 1604 ipse
1835 1526 1965 1580 An-

264 1612 514 1686 tigonus
568 1623 817 1692 captus,
860 1610 935 1670 ad
997 1610 1208 1693 palum
1232 1609 1510 1691 alligatus
1536 1656 1550 1685 ,
1599 1612 1794 1692 virgis
1829 1633 1967 1672 cae-

261 1720 393 1772 sim,
442 1713 504 1759 et
547 1700 750 1759 securi
807 1721 1132 1784 percussus
1176 1714 1282 1759 est.
1330 1700 1396 1780 d)
1442 1698 1654 1781 Atque
1709 1703 1792 1758 ita
1841 1701 1969 1762 Re-

261 1810 454 1867 gnum
494 1787 876 1848 Judaeorum
913 1804 1053 1874 post
1113 1788 1598 1864 AssamonanS,
1657 1787 1963 1850 beneficio

259 1878 690 1938 Romanorum
743 1882 1033 1938 Herodes
1084 1879 1171 1938 M.
1228 1877 1536 1953 obtinuit,
1605 1878 1963 1963 splendidus

260 1966 520 2048 quidem
561 1982 623 2027 et
660 1989 842 2051 sagax
868 2014 884 2044 ,
939 1967 1045 2030 sed
1107 1969 1536 2048 sangvinarius
1574 1990 1704 2029 rex.
1797 1968 1961 2028 Nam

254 2076 399 2115 eum
440 2060 869 2116 Mariamnem
904 2061 970 2117 in
1014 2079 1280 2117 uxorem
1329 2055 1634 2133 duxisset,
1667 2057 1795 2141 ejus
1835 2056 1963 2117 fra-

258 2159 421 2205 trem
477 2147 915 2205 Aristobzclzcm
952 2145 1317 2208 Pontificem
1341 2149 1614 2225 creavit,
1658 2147 1761 2208 sed
1811 2147 1960 2208 bre-

258 2238 325 2294 vi
365 2236 704 2296 observans
752 2260 892 2298 eum
935 2236 1168 2321 populo
1210 2237 1667 2318 gratissimum,
1709 2240 1773 2297 in
1819 2236 1955 2296 bal-

255 2345 375 2385 neo
414 2326 703 2385 suffocari
737 2325 928 2411 jussit.
970 2378 973 2381 .
1021 2324 1433 2385 Confirmatus
1470 2328 1700 2386 veroin
1738 2349 1956 2410 regn0‚

254 2416 442 2473 etiam
483 2417 911 2474 stffccriczmnem
964 2413 1294 2498 conjugem
1319 2462 1334 2490 ,
1383 2412 1642 2498 ejusque
1678 2417 1952 2477 Matrem

252 2506 697 2563 “Alexandream
741 2504 1091 2581 interfecit,
1155 2507 1292 2589 pari
1332 2503 1702 2567 crudelitate
1747 2508 1952 2566 tribus

252 2596 376 2652 suis
410 2592 551 2653 filiis
579 2599 809 2656 necatis
835 2643 851 2672 ,
898 2596 961 2677 e),
1002 2596 1203 2679 ipsum
1260 2597 1449 2655 etiam
1495 2596 1816 2654 Christum
1884 2596 1951 2655 in

1752 2708 1860 2745 sua

250 2777 338 2786 n...—

325 2822 380 2882 (ι)
425 2817 588 2871 idem.
624 2814 754 2868 ibid.
790 2834 833 2870 e.
867 2815 915 2868 5.
988 2813 1041 2889 b)
1081 2815 1244 2868 idern.
1283 2814 1415 2867 ibid.
1451 2834 1494 2867 c.
1538 2812 1588 2868 8.
1625 2816 1669 2885 §.
1704 2809 1755 2865 4.
1793 2829 1943 2884 seqq.

418 2898 471 2940 et
503 2887 549 2938 9.
591 2888 637 2957 ᾗ.
684 2885 729 2938 1.
806 2886 857 2958 c)
899 2886 1044 2938 idem
1079 2887 1211 2938 ibid.
1249 2906 1293 2941 c.
1332 2884 1410 2937 13.
1441 2888 1489 2956 ἓ.
1516 2884 1548 2938 3
1585 2895 1638 2937 et
1671 2904 1721 2939 c.
1763 2880 1846 2935 14.
1886 2885 1942 2954 §.

417 2958 466 3013 1.
520 2978 632 3030 seq.
710 2957 813 3009 Dio
849 2961 911 3010 L.
952 2957 1038 3011 36.
1091 2977 1144 3029 p.
1207 2957 1294 3009 37.
1340 2957 1608 3028 Josephus
1647 2956 1820 3024 antiq.
1873 2955 1940 3009 L.

416 3028 500 3081 15.
538 3051 585 3084 e.
621 3027 667 3081 1.
709 3030 756 3098 §.
794 3027 845 3084 2.
883 3031 1017 3081 Item
1056 3030 1119 3084 L.
1152 3027 1199 3080 1,.
1242 3029 1307 3078 de
1344 3028 1478 3082 Bell.
1519 3027 1644 3080 Jud.
1682 3047 1728 3081 c,
1767 3022 1849 3079 18.
1887 3026 1939 3094 §.

409 3098 462 3149 3.
541 3098 599 3172 d)
638 3100 853 3172 Joseph.
893 3101 959 3158 L.
999 3098 1085 3157 15.
1128 3120 1172 3151 c.
1228 3098 1278 3159 7.
1333 3099 1512 3173 antiq.
1562 3108 1615 3152 et
1652 3099 1714 3150 L.
1768 3095 1852 3153 16.
1889 3115 1939 3152 c.

408 3169 462 3227 3.
499 3189 647 3243 seqq.
