2912 4368
1050 383 1169 445 568
1610 385 2028 442 Historia

955 591 1106 643 nos,
1155 589 1311 652 quos
1367 569 1554 629 etiam
1609 567 1790 625 initio
1836 566 2014 647 gravi
2063 582 2272 646 pugna
2318 560 2507 634 vicit,
2554 558 2660 620 sed

957 657 1353 745 postmodum
1398 677 1578 717 versa
1617 653 1867 715 fortuna
1898 656 2097 711 victus
2124 698 2139 727 ‚
2186 648 2431 711 Italiam
2467 663 2529 708 et
2566 650 2662 707 Si-

954 748 1162 808 ciliam
1202 769 1353 830 quas
1378 745 1502 830 jam
1531 743 1754 827 majori
1775 764 1850 802 ex
1886 756 2064 826 parte
2109 753 2396 826 ceperat,
2445 742 2663 798 remit—

957 855 1091 899 tere
1123 836 1357 898 debuit.
1409 837 1557 895 Post
1603 854 1803 917 quae‚
1850 829 2153 916 stupenda
2205 828 2495 891 fortunae
2557 851 2663 887 va—

955 930 1178 989 rietate
1215 928 1444 986 iterum
1470 921 1904 984 Macedoniam
1931 941 2250 1004 aggressus
2276 965 2293 997 ,
2340 915 2487 977 inde
2528 921 2665 976 An-

959 1023 1239 1097 tigonum
1292 1018 1606 1074 Gonatam
1638 1013 1887 1097 penitus
1929 1008 2311 1082 exturbavit,
2359 1007 2427 1088 a)
2474 1028 2666 1090 quem

960 1105 1107 1168 dum
1149 1108 1212 1164 in
1256 1106 1509 1163 civitate
1551 1102 1740 1185 Argis
1791 1098 2127 1174 obsideret,
2162 1096 2389 1181 dejecti
2435 1094 2664 1181 lapidis

958 1200 1086 1258 ictu
1117 1208 1434 1270 mortuus,
1464 1214 1661 1275 regno
1696 1191 1961 1250 exitium
1997 1186 2236 1248 adtulit.

1120 1286 1345 1341 Status
1391 1285 1767 1342 Literarzcm
1784 1291 1846 1337 et
1862 1281 2140 1337 Artium.
2189 1281 2263 1337 In
2294 1290 2488 1350 tanta,
2508 1289 2667 1335 tam-

961 1393 1087 1452 que
1126 1371 1405 1432 violenta
1439 1373 1810 1454 Regnorum
1862 1383 1924 1429 et
1974 1369 2221 1453 Regum
2275 1369 2663 1437 mutatione,

958 1474 1166 1521 tamen
1202 1463 1496 1522 scientiae
1540 1473 1603 1521 et
1645 1471 1808 1518 artes
1855 1460 2081 1518 sensim
2124 1453 2380 1539 perfici,
2431 1458 2557 1515 imo
2586 1450 2665 1510 ad

957 1549 1331 1632 ampliorem
1386 1548 1668 1609 culturae
1718 1545 1981 1628 gradum
2040 1547 2381 1629 pervenire
2441 1563 2665 1627 coepe-

953 1651 1117 1696 runt.
1166 1637 1327 1697 Nam
1363 1637 1718 1720 complures
1777 1632 2305 1718 Philosophorum
2350 1649 2551 1694 sectae
2599 1634 2665 1688 in

951 1726 1214 1787 Graecia
1246 1723 1602 1788 floruerunt
1619 1727 1805 1787 etiam
1840 1726 2007 1784 inter
2033 1726 2433 1806 gravissimos
2460 1743 2668 1783 armo-

952 1839 1095 1877 rum
1134 1819 1464 1900 strepitus3
1511 1837 1781 1899 quarum
1814 1813 2195 1874 celebriores
2242 1827 2450 1874 erant:
2500 1807 2668 1872 Aca-
2746 1836 2752 1839 “

952 1906 1377 1982 demicorum‚
1423 1907 2027 1989 Peripateticorum„
2078 1903 2474 1979 Stoicorum,
2513 1903 2663 1985 Epi,-

950 2018 1358 2070 cumeorum,
1401 1995 1875 2078 Scepticorum‚
1924 1993 2307 2074 Cynicorum
2365 2007 2477 2053 etc.
2529 1993 2667 2051 Ma—

953 2088 1159 2146 ximus
1201 2100 1408 2145 tamen
1468 2081 1579 2143 hac
1625 2097 1826 2143 aetate
1880 2085 2206 2141 variarum
2245 2082 2665 2141 Scientiarum

954 2190 1018 2234 et
1061 2175 1323 2234 Artium
1365 2188 1699 2258 promotor
1737 2171 1857 2232 fuit
1905 2174 2304 2231 Ptolomaeus
2346 2174 2668 2231 Philadel-

941 2267 1152 2341 phus,
1194 2284 1391 2347 quare
1433 2265 1619 2324 etiam
1643 2259 2092 2324 Alexandriam
2115 2263 2354 2346 regiam
2390 2261 2664 2345 Aegypti

954 2353 1181 2414 urbem
1205 2400 1220 2429 ,
1269 2369 1591 2436 tamquam
1627 2375 1851 2413 verum
1907 2350 2231 2411 Musarum
2271 2349 2665 2413 domicilium

953 2464 1078 2504 esse
1112 2442 1349 2516 voluit,
1386 2464 1513 2525 quo
1557 2439 1852 2502 Artifices
1914 2453 1975 2500 et
2014 2441 2298 2501 Literati.
2357 2442 2665 2503 Scientia-

954 2555 1096 2591 rum
1117 2529 1669 2593 condiscendarum
1689 2552 1869 2591 causa
1895 2528 2209 2592 confluere
2228 2529 2510 2592 solebant
2530 2556 2546 2608 3
2595 2533 2660 2589 in

958 2644 1233 2702 quorum
1276 2623 1535 2703 gratiam
1573 2622 1761 2680 etiam
1798 2617 2048 2680 condita
2071 2619 2191 2680 fuit
2230 2619 2467 2682 ibidem
2503 2620 2664 2681 cele-

956 2710 1232 2772 berrima
1274 2708 1701 2787 Bibliotheca3
1749 2732 1915 2794 quae
1957 2709 2073 2768 sub
2110 2708 2239 2793 ejus
2291 2713 2666 2773 successori-

954 2800 1068 2859 bus
1101 2802 1163 2858 in
1206 2814 1445 2859 tantum
1486 2801 1801 2877 excrevit,
1836 2812 1908 2859 ut
1939 2801 2166 2880 septies
2215 2815 2475 2861 centena
2522 2800 2664 2859 mil-

959 2890 1039 2948 lia
1083 2889 1474 2949 voluminum
1508 2891 1876 2951 contineret.
1926 2889 2130 2949 Porro
2165 2887 2384 2950 eodem
2419 2905 2661 2975 tempo-

955 3002 1024 3039 re
1070 3000 1196 3062 quo
1243 2982 1606 3039 Alexander
1638 2982 1729 3037 M.
1780 2979 2023 3038 Urbem
2077 2977 2527 3040 Alexandriam
2560 3004 2661 3041 ae-

955 3068 1195 3128 dificari
1259 3071 1590 3153 caepisset>
1646 3072 1939 3128 Varrone
1994 3082 2179 3148 teste3
2229 3072 2519 3131 inventus
2569 3083 2660 3131 est

2427 3184 2571 3220 usus

1028 3335 1086 3398 a)
1125 3332 1267 3383 idem
1302 3332 1411 3383 ibid
1447 3333 1646 3389 Justin.
1698 3334 1763 3389 L.
1826 3333 1909 3387 25.
1961 3356 2005 3387 e.
2064 3335 2114 3388 3.
2152 3355 2301 3408 seqq.
