2048 3786
574 201 1186 259 [lebraceorzcm.
1602 203 1676 258 (51

74 399 330 443 runctos
375 382 633 467 populos
665 382 950 464 potestati
1003 378 1381 438 Judaeorum
1424 375 1779 460 subjiceret3

81 495 277 556 quare
319 493 461 530 cum
517 472 805 528 Christus
837 489 1023 528 verus
1057 469 1330 525 Messias
1384 487 1621 547 pauper
1671 465 1779 523 ad-

85 563 354 622 venisset
381 605 397 635 ,
460 556 724 618 eundem
781 558 984 615 crucis
1032 554 1338 638 supplicio
1393 553 1779 636 puniendum

82 649 538 720 decreverunt,
585 644 936 727 Discipulos
974 666 1128 704 vero
1153 656 1627 725 persequenteS,
1676 663 1782 701 ve-

87 755 285 798 terem
329 735 698 817 religionem
744 731 1113 792 mordicitus
1153 733 1338 792 etiam
1376 745 1515 813 post
1538 731 1783 787 ruinam

85 824 301 908 templi
340 821 895 904 Hierosolymitani
930 823 1342 882 retinuerunt.
1383 816 1661 878 Tandem
1706 815 1785 876 ad

87 913 274 973 finem
295 910 482 971 seculi
522 911 601 969 ΙΙ.
651 908 1124 971 Pharisaeorum
1145 907 1495 968 doctrinam
1538 905 1791 988 collegit

92 1002 298 1060 Rabbi
333 1002 501 1057 Jada
547 1001 613 1057 in
668 1021 864 1059 unum
903 999 1172 1073 librum,
1236 997 1348 1080 qui
1391 997 1787 1071 Misclznajot

90 1092 340 1165 dicitur3
362 1085 535 1170 cujus
554 1091 1076 1147 commentarium
1096 1084 1422 1146 nonmulto
1449 1098 1588 1168 post
1613 1085 1787 1142 Rab-

93 1180 157 1235 bi
189 1180 461 1235 Joannes
491 1175 606 1235 sub
644 1176 827 1236 titulo
872 1180 1146 1236 Gomara
1177 1175 1459 1257 scripsit3
1506 1174 1617 1256 qui
1658 1170 1783 1230 duo

92 1266 246 1325 libri
281 1265 466 1324 simul
503 1267 892 1325 constituunt
930 1268 1285 1324 Thalmzmd
1319 1263 1779 1337 Hierosolymi—

98 1369 317 1413 tcmam
353 1357 574 1411 mina-5.
626 1351 814 1436 Cujus
856 1355 1295 1436 interpretatio
1343 1350 1550 1410 seculo
1579 1350 1656 1408 V.
1681 1348 1791 1407 de-

97 1465 224 1502 nuo
262 1445 601 1523 composita
625 1487 641 1517 ,
688 1457 950 1502 vocatur
994 1444 1306 1501 Thalmad
1332 1440 1792 1512 Babylonicum

102 1534 333 1607 majus.
383 1532 731 1613 Utriusque
750 1533 1087 1593 auctoritas
1119 1527 1284 1614 apud
1303 1526 1568 1586 Judaeos
1599 1527 1790 1587 etiam

108 1641 275 1678 nunc
321 1633 413 1678 est
439 1621 724 1678 maxima.
773 1621 887 1680 His
920 1620 1053 1681 fere
1110 1616 1499 1700 temporibus
1545 1617 1798 1674 inventa

114 1722 209 1767 est
244 1709 432 1767 etiam
481 1710 745 1766 Caballa
781 1731 887 1769 seu
910 1706 1263 1777 artificiosa,
1310 1718 1374 1765 et
1411 1704 1800 1784 superstitio-

106 1819 170 1855 sa
190 1797 537 1877 scripturae
554 1817 762 1857 sacrae
781 1798 1192 1881 iterpretatio:
1240 1795 1277 1852 J
1281 1792 1460 1852 udaei
1480 1789 1662 1851 hodie
1687 1811 1801 1873 per

100 1884 324 1944 orbem
362 1882 646 1966 dispersi,
695 1887 760 1943 in
786 1886 1076 1945 omnibus
1109 1883 1242 1944 fere
1284 1882 1491 1963 regnis
1527 1879 1804 1939 toleran—

105 1987 241 2050 tur3
289 1986 353 2032 et
388 1972 573 2032 titulo
609 1972 978 2036 tolerantiae
1037 1973 1277 2054 ubique
1333 1991 1461 2028 non
1518 1981 1803 2028 contem-

107 2059 376 2121 nendam
421 2083 728 2122 summam
777 2066 1076 2146 pecuniae
1113 2057 1534 2142 Principibus,
1579 2070 1642 2117 et
1676 2069 1803 2115 ter-

106 2172 321 2210 rarum
368 2147 635 2210 dominis
675 2151 859 2214 titulo
877 2151 1286 2237 protectionis
1309 2146 1552 2207 solvere
1569 2166 1806 2226 cogun-

110 2252 232 2297 tur.
283 2237 524 2310 Quibus
565 2254 771 2301 tamen
816 2242 1105 2302 omnibus
1153 2241 1340 2300 etiam
1364 2237 1448 2294 ita
1485 2233 1805 2296 existenti—

109 2326 260 2402 buS‚
305 2347 533 2409 genus,
571 2329 1042 2406 Characterem,
1091 2342 1154 2390 et
1207 2329 1441 2399 ritum,
1487 2325 1665 2385 sectis
1705 2335 1805 2380 ut-

104 2437 357 2499 cunque
406 2416 726 2500 impliciti,
774 2440 1146 2483 conservare
1184 2417 1401 2475 sciunt.

271 2503 318 2581 ᾗ.
370 2506 425 2565 5.
473 2508 696 2566 Status
730 2511 1034 2570 Politicas
1064 2507 1518 2564 Hebraeorum.
1565 2497 1808 2558 Hebrei

116 2591 428 2671 originem
485 2591 723 2656 ducunt
754 2620 788 2654 a
827 2602 1002 2658 Semo
1037 2617 1114 2658 ex
1163 2591 1339 2675 cujus
1372 2588 1603 2649 familia
1639 2600 1812 2648 ortus

118 2680 336 2736 Hebet·
362 2725 377 2753 ,
415 2679 707 2767 deinceps
748 2684 877 2769 ejus
925 2703 1302 2748 successores
1345 2679 1588 2736 Hebrei
1630 2695 1815 2734 voca-

122 2779 226 2824 ml*
249 2811 265 2840 ο
313 2788 390 2826 θΧ
412 2768 586 2852 cujus
621 2779 921 2855 progenie
945 2802 992 2835 a.
1025 2776 1110 2833 M.
1155 2773 1340 2831 2008.
1385 2780 1564 2825 natus
1604 2765 1818 2822 Abra—

122 2856 312 2929 ham,
358 2858 468 2936 qui
517 2861 631 2920 Dei
669 2861 854 2943 jussu,
896 2889 975 2926 ne
1017 2865 1081 2920 in
1121 2857 1471 2919 idololatria
1509 2856 1638 2935 ipse
1658 2874 1815 2935 quo-

122 2963 247 3023 que
280 2964 741 3025 perseveraret,
790 2976 953 3013 anno
995 2951 1211 3011 aetatis
1252 2951 1282 3006 7
1296 2946 1348 3005 5.
1399 2945 1464 3001 in
1510 2944 1818 3001 Cananae-

122 3051 222 3090 am
272 3033 421 3108 ivit,
468 3052 538 3099 ut
575 3052 728 3100 esset
761 3043 946 3106 Pater
986 3038 1265 3101 omnium
1291 3033 1570 3118 gentium
1596 3033 1659 3090 in
1684 3030 1818 3091 Deo

1663 3119 1731 3198 a)
