2048 3786
299 159 419 218 120
912 164 1332 220 Ilistoria

201 337 567 425 Aegyptum
619 342 961 429 compulit,
1023 345 1092 426 a)
1140 341 1409 403 Judaeos
1458 364 1582 402 una
1641 363 1787 404 cum
1829 368 1928 407 re—

201 451 277 513 ge
311 433 726 515 Babyloniam
759 459 809 494 a.
851 435 940 494 M.
981 436 1172 497 5416.
1237 431 1539 507 abduxit,
1597 437 1930 518 patriaque

203 524 457 605 penitus
481 527 675 583 exuit.
724 525 786 606 b)
835 524 1085 606 Syriam
1119 539 1182 585 et
1209 520 1617 584 Phoeniciam
1640 522 1928 605 subegit3

200 611 313 670 ubi
351 612 595 694 Tyrum
634 614 861 675 urbem
921 615 1017 675 15.
1061 615 1240 673 annis
1294 611 1622 688 obsidem,
1672 613 1925 673 tandem

203 698 350 784 fuga
383 702 735 763 incolarum
761 725 1022 764 vacuam
1061 699 1516 788 deprehensam
1547 699 1680 763 solo
1698 725 1929 786 aequa-

200 792 311 850 vit.
362 792 429 873 cl)
475 793 570 852 Ex
593 794 909 853 manubiis
928 808 1023 855 tot
1055 797 1360 877 gentium,
1387 792 1774 874 Babylonem
1800 815 1932 850 am-

198 878 538 964 plificavit,
581 897 646 944 et
679 882 1040 945 firmissimo
1078 906 1266 944 muro
1306 885 1524 943 cinxit.
1591 884 1744 941 Beli
1772 896 1930 942 tem-

174 970 374 1053 plum
431 974 687 1033 ornavit
718 1019 734 1049 ‚
796 987 860 1034 et
909 972 1454 1058 spendidissimam
1502 972 1622 1032 sibi
1689 974 1930 1054 regiam

193 1058 499 1120 condidit.
546 1061 650 1121 Ad
687 1077 1047 1124 extremum
1088 1065 1360 1145 ingentis
1392 1062 1728 1146 superbiae
1779 1084 1928 1146 pae-

196 1169 343 1225 naS‚
386 1165 630 1234 septem
685 1174 1002 1213 annorum
1034 1155 1308 1213 amentia
1361 1167 1423 1213 et
1458 1151 1775 1236 pecudum
1827 1154 1925 1211 vi-

191 1251 301 1297 ctu
334 1239 657 1323 persolvit.
707 1243 774 1322 d)
822 1263 892 1301 ae
950 1241 1204 1301 tandem
1255 1240 1570 1302 confessus
1608 1244 1745 1302 veri
1808 1242 1926 1302 Dei

189 1331 545 1412 potentiam
564 1375 580 1406 ,
618 1332 683 1390 in
701 1333 1023 1414 integrum
1046 1333 1374 1392 restitutus
1399 1345 1506 1390 est.
1557 1333 1775 1392 Postea
1799 1330 1926 1391 Ae-

188 1419 562 1502 gyptiorum
603 1443 753 1505 rege
788 1424 991 1498 Aprie
1031 1420 1306 1495 devicto,
1354 1422 1542 1504 eique
1582 1424 1817 1480 Amasi
1843 1423 1928 1479 si-

193 1507 261 1567 bi
319 1508 664 1571 tributario
705 1510 1091 1588 substituto,
1154 1512 1212 1593 e)
1260 1509 1547 1570 Africam
1584 1532 1784 1594 usque
1844 1508 1924 1569 ad

193 1597 490 1660 Herculis
507 1599 828 1662 columnas
846 1603 1054 1662 vietor
1079 1603 1462 1687 peragravit,
1484 1603 1776 1685 ipsosque
1793 1601 1930 1660 Me⁴

192 1687 307 1749 dos
338 1704 402 1750 et
461 1690 680 1751 Persas
732 1694 798 1751 in
839 1706 1213 1777 potestatem
1257 1714 1432 1751 suam
1494 1689 1756 1773 redegit.
1821 1689 1926 1749 Ab

195 1775 291 1839 his
334 1781 533 1863 igitur
581 1784 872 1842 victoriis
917 1782 1158 1859 clarus,
1229 1804 1395 1842 anno
1443 1783 1625 1863 regni
1665 1781 1759 1839 sui
1821 1783 1921 1841 45.

187 1884 475 1930 mortuus
506 1884 613 1931 est.
659 1894 710 1931 a.
754 1873 839 1933 M.
888 1874 1078 1933 5452.
1119 1908 1206 1918 ——-
1244 1873 1392 1931 Post
1442 1893 1635 1954 quem
1682 1872 1927 1953 princi-

188 1980 299 2041 pes
341 1959 828 2021 luxuriosissimi
890 1960 1142 2046 flagitiis
1193 1960 1603 2036 diffluebant,
1653 1962 1745 2019 uti
1790 1958 1923 2042 ejus

186 2045 349 2109 filius
398 2052 965 2111 Evilmerodaclzus
991 2098 1007 2128 ,
1059 2051 1353 2136 improba
1389 2053 1520 2110 vita
1585 2052 1710 2109 suis
1753 2052 1920 2108 invi-

181 2158 306 2214 sim,
333 2154 476 2224 post
510 2139 666 2201 duos
687 2163 880 2202 annos
910 2141 990 2201 ab
1015 2144 1194 2203 affine
1231 2164 1343 2202 suo
1370 2143 1787 2220 Neriglosore
1815 2161 1920 2198 oa-

191 2242 337 2313 ptus
383 2245 512 2304 est,
542 2231 630 2312 f)
680 2244 743 2292 et
771 2233 904 2316 ipse
945 2230 1173 2292 solium
1211 2230 1342 2316 ejus
1379 2230 1806 2290 conscendens
1848 2251 1922 2290 eo

183 2341 389 2396 ann0‚
455 2343 585 2405 quo
632 2323 903 2403 Astiage
952 2336 1251 2397 mortuo,
1321 2325 1529 2399 Cyrus
1579 2321 1923 2381 Persarum

187 2430 388 2493 regno
414 2413 651 2497 potitus
687 2425 817 2491 est3
866 2436 900 2473 a
939 2434 1069 2498 quo
1108 2415 1299 2474 etiam
1334 2426 1565 2499 quarto
1593 2412 1922 2495 regiminis

1773 2514 1837 2561 et

252 2730 314 2807 a)
342 2729 409 2875 ἐξ·
438 2727 1477 2874 ἐξῆ...ῖ.ἕΐ;ρΐ·..ἰῑψ.ἒὲΕΞὲξῗὲ.
1511 2729 1924 2875 Ἅρῗζ..“.ῗῖῑ

339 2877 397 2947 §.
436 2873 526 2929 21.
604 2872 663 2946 cl)
704 2875 916 2927 Daniel.
955 2895 1000 2928 e.
1046 2876 1103 2933 4.
1136 2894 1192 2931 v.
1225 2874 1312 2928 29.
1389 2877 1441 2947 e)
1482 2875 1686 2932 Ezech.
1731 2895 1783 2930 e.
1809 2873 1928 2955 29.

341 2966 397 3003 v.
456 2944 648 2998 18.19.
710 2943 796 3016 f)
836 2948 1071 2999 Berosus
1109 2966 1195 3019 ap.
1216 2948 1440 3019 Joseph.
1481 2958 1672 2999 contra
1711 2948 1915 3017 Apion.

340 3019 410 3141 ἒ.
446 3016 501 3140 ἑ1).
541 3018 591 3087 §.
626 3016 712 3142 {8⁹
750 3016 1134 3089 Megasthenes
1157 3039 1242 3091 ap.
1266 3020 1460 3072 Euseh.
1485 3019 1673 3092 Praep.
1710 3020 1918 3088 Evang.

396 3127 410 3141 .
483 3127 497 3141 .
537 3108 588 3144 e.
696 3122 718 3144 ο
