2048 3786
514 172 1186 228 Atheniensium.
1536 175 1657 234 297
1733 243 1735 245 ¹

61 353 125 410 in
154 350 229 416 X.
274 349 476 411 tribus
522 346 805 410 dividens
833 395 847 424 ‚
891 350 1389 410 Democraticam
1434 352 1766 429 regiminis

63 439 326 499 formam
368 441 656 498 restituit.
721 437 1118 498 Postmodum
1160 436 1536 519 Respublica
1568 438 1767 499 Athe-

61 530 291 587 niensis
325 549 627 610 prospero
665 530 850 585 nimis
882 549 1096 586 rerum
1137 546 1416 585 successu
1473 526 1720 606 turgida
1747 573 1762 599 ,

61 638 259 698 quum
296 614 610 688 subdit03‚
668 637 933 696 suosque
970 616 1166 672 socios
1231 613 1447 673 durius
1500 626 1768 674 tractare

64 707 397 787 coepisset,
444 705 631 763 totius
655 703 785 764 fere
808 703 1103 762 Graeciae
1136 699 1349 761 odium
1375 716 1436 762 et
1467 701 1771 761 invidiam

69 793 134 849 in
174 813 236 853 se
281 790 620 868 conflabat3
660 791 826 850 unde
878 790 1112 852 bellum
1176 789 1769 873 Peloponnesiacum

69 894 281 939 ortum
300 926 315 955 7
337 878 445 938 diu
466 902 674 961 aequo
704 894 906 940 marte
926 878 1296 962 gerebatur:
1345 876 1543 938 donec
1571 877 1775 939 Athe-

66 970 311 1028 nienses
355 970 594 1050 ingenti
633 968 708 1027 ad
741 972 979 1045 Aegeos
1022 967 1284 1026 fluvium
1329 966 1504 1027 clade
1548 966 1774 1041 fracti,

70 1057 523 1138 Spartanorum
566 1055 709 1139 jugo
745 1057 903 1117 colla
935 1056 1203 1117 subdere
1249 1056 1649 1138 cogebantur.
1705 1058 1773 1136 α)

70 1147 366 1205 Ceterum
406 1148 566 1205 sicut
598 1160 737 1229 post
782 1149 1024 1205 Solonis
1063 1147 1377 1219 instituta,
1424 1144 1623 1204 donec
1666 1145 1772 1202 illa

67 1236 404 1316 viguerunt
429 1280 443 1308 ,
462 1233 943 1296 Atheniensium
966 1232 1317 1316 respublica
1338 1232 1774 1295 florentissima

66 1336 232 1398 erat3
277 1325 361 1382 ita
403 1322 527 1406 jam
570 1338 712 1385 ante
744 1322 922 1383 illum
949 1370 964 1398 ,
1000 1322 1078 1382 ad
1113 1323 1474 1382 accuratam‘
1502 1320 1774 1404 justitiae

67 1409 669 1475 administrationem
700 1410 1113 1474 exercendam
1139 1457 1156 1486 ‚
1203 1414 1376 1471 varia
1437 1409 1776 1472 tribunalia

72 1499 138 1563 in
185 1499 603 1575 usufuerunt‚
654 1503 778 1561 sic:
825 1492 1230 1579 Areopagum
1263 1499 1545 1559 tribunal
1584 1513 1774 1560 vetu-

70 1591 403 1650 stissimum
446 1589 610 1672 apud
665 1587 1061 1650 Athenienses
1109 1587 1225 1670 jam
1271 1588 1386 1647 sub
1430 1591 1694 1664 Cecrope
1714 1588 1778 1667 h)

70 1677 192 1736 fuit
216 1679 580 1737 institutum.
632 1680 962 1739 Praeterea
998 1675 1259 1737 Athenis
1279 1677 1491 1738 nobile
1527 1676 1646 1736 fuit
1664 1677 1781 1734 tri-

73 1765 264 1826 bunal
297 1770 689 1842 Palladiam,
728 1770 792 1826 in
838 1789 965 1849 quo
1019 1765 1221 1844 caedis
1273 1787 1487 1826 causae
1553 1764 1778 1847 agitari

81 1854 385 1915 solebant.
433 1857 493 1935 c)
548 1853 705 1915 Item
739 1854 1018 1915 tribunal
1047 1857 1477 1930 Delphinum,
1542 1856 1607 1912 in
1655 1874 1783 1931 quo

77 1941 331 2004 caedem
350 1942 488 2026 jure
515 1947 903 2003 commissam
930 1964 1269 2023 agnoscere
1310 1941 1611 2001 solebant.
1652 1941 1783 2000 Nec

76 2054 204 2091 non
238 2035 627 2109 Plycmzemn
648 2031 819 2114 quod
854 2030 948 2114 jus
982 2029 1229 2089 dicebat
1250 2029 1328 2090 de
1364 2031 1592 2112 ignotis
1620 2076 1635 2104 ⁷
1679 2043 1787 2088 aut

78 2119 220 2202 fuga
255 2121 473 2204 elapsis
498 2119 813 2181 homicidii
849 2123 1013 2195 reis3
1061 2133 1122 2179 et
1154 2118 1231 2179 de
1259 2118 1447 2179 rebus
1483 2121 1788 2177 inanima-

81 2211 197 2284 tis,
244 2232 405 2292 quae
448 2210 769 2270 illabentes
803 2207 1054 2270 caedem
1094 2221 1440 2290 patrarunt.
1497 2209 1564 2288 cl)
1614 2210 1788 2268 Inter

83 2295 436 2360 Archontes
490 2301 675 2360 etiam
733 2301 907 2357 varia
953 2311 1132 2358 erant
1182 2298 1466 2357 officicia:
1514 2318 1787 2356 summus

83 2385 347 2446 Archon
390 2403 523 2447 erat
570 2391 819 2448 Praeses
866 2388 1056 2446 totius
1096 2386 1373 2445 Senatus.
1425 2385 1612 2446 Alter
1655 2385 1791 2444 Ar-

83 2472 244 2534 chon
282 2478 574 2534 Basileus
614 2476 812 2535 dictus
839 2522 853 2550 ‚
902 2474 1225 2556 religionis
1285 2496 1500 2533 curam
1551 2472 1787 2533 habuit.

86 2563 337 2625 Tertius
382 2566 820 2624 Polemczt·clzos
839 2578 1094 2624 vocatus
1119 2607 1135 2638 ‚
1185 2562 1333 2624 belli
1376 2565 1626 2647 negotia
1668 2577 1794 2622 tra-

1569 2665 1699 2712 cta-

159 2891 217 2965 (ι)
254 2892 585 2962 Xenophon.
622 2889 758 2945 Hist.
797 2893 987 2948 Graec.
1022 2896 1084 2947 L.
1118 2895 1169 2949 2.
1201 2915 1258 2966 p.
1293 2894 1415 2952 455.
1450 2894 1676 2948 Diodor.
1702 2896 1790 2948 Si-

250 2963 357 3041 eul.
388 2964 449 3017 L.
483 2961 563 3015 13.
608 2961 691 3019 14.
742 2963 796 3035 b)
852 2965 1176 3035 Apollodor.
1215 2969 1279 3023 L.
1331 2969 1381 3022 3.
1418 2967 1574 3021 Joau.
1630 2967 1791 3018 Mcur

248 3051 379 3089 sum.
423 3053 471 3083 m
509 3035 814 3103 Areopago.
849 3039 902 3103 c)
936 3039 1164 3092 Pausan.
1200 3037 1255 3088 L.
1297 3036 1339 3089 1.
1380 3056 1427 3092 c.
1462 3035 1552 3094 28.
1591 3046 1644 3087 et
1671 3038 1793 3089 Pol-

253 3103 368 3160 lux.
405 3104 466 3161 L.
498 3101 545 3158 8.
585 3105 733 3160 (210.
771 3105 968 3176 §.118.
1008 3107 1070 3181 cl)
1116 3109 1271 3160 idem.
1312 3107 1442 3161 ibid.
1479 3109 1536 3178 §0
1571 3106 1688 3161 120.
