2048 3786
324 124 454 189 296
867 131 1293 196 Historia.

226 306 399 366 nime
448 307 995 392 conquiescenteS,
1059 307 1379 394 triplicem
1418 304 1753 368 factionem
1792 306 1943 368 sub-
2032 304 2035 366 j

235 411 590 456 ornarunt:
638 399 822 458 unius
869 402 1230 478 Megacles,
1275 398 1532 459 alterius
1566 399 1907 475 Lycurgus
1932 443 1948 470 ,

235 489 461 548 tertiae
496 510 652 548 vero
703 490 1093 546 Pisistratus
1140 486 1446 572 praefuit,
1497 488 1611 570 qui
1657 487 1953 547 accessio-
2033 474 2036 490 ⁴

228 598 314 637 ne
347 598 696 661 pauperum
720 624 736 653 ,
781 591 854 637 ut
887 576 1199 638 libertatis
1237 575 1471 637 vindex
1510 597 1816 636 summam
1852 589 1957 656 ty-.
2038 636 2041 640 ,

231 666 566 727 rannidem
598 669 871 751 arripuit
888 690 916 739 ,-
963 668 1030 747 a)
1052 668 1163 749 qui
1195 688 1345 727 mox
1370 665 1606 726 inflicto
1631 665 1750 725 sihi
1770 684 1957 748 spon—

234 769 299 817 te
349 755 615 817 vulnere
639 804 655 832 ,
704 757 992 816 inimicos
1020 760 1186 817 vitae
1224 778 1368 817 suae
1408 755 1690 818 insidiari
1716 755 1956 838 specio-

241 866 311 905 so
367 844 554 905 titulo
614 845 788 929 plebi
843 848 1188 928 persvasit:
1254 868 1452 928 quare
1509 847 1609 907 50.
1657 844 1959 927 Corporis

237 935 335 994 sui
378 932 664 995 custodes
697 937 754 995 ei
809 948 955 995 sunt
991 936 1314 1015 assignati,
1377 935 1608 1017 quibus
1636 981 1653 1011 ,
1710 947 1773 994 et
1824 931 1962 990 aliis

236 1019 335 1082 his
367 1022 841 1099 accedentibus,
905 1044 1055 1083 mox
1102 1024 1475 1106 Cecropiam
1529 1045 1741 1085 arcem
1779 1042 1965 1081 occu-
2019 1040 2021 1043 ’

237 1134 393 1199 pans
416 1158 432 1184 ,
479 1112 632 1173 dum
665 1113 850 1173 brevi
890 1133 1183 1195 suprema
1219 1126 1526 1194 potestate
1570 1112 1963 1184 abuteretur,

240 1201 435 1264 semel
480 1224 551 1262 ac
607 1204 840 1263 iterum
890 1201 1053 1262 urbe
1107 1199 1343 1282 ejectus
1392 1215 1501 1262 est.
1592 1199 1714 1262 Sed
1766 1222 1966 1284 quum

239 1293 529 1372 Megas-li
578 1294 967 1376 promisisset
1013 1311 1078 1353 se
1124 1289 1317 1352 filiam
1385 1287 1519 1374 ejus
1588 1289 1970 1365 ducturum,

242 1381 340 1462 h)
426 1380 681 1444 demum
770 1381 1049 1441 maxima
1130 1402 1364 1464 pompa
1449 1378 1749 1442 reductus
1837 1392 1970 1440 est:

249 1472 364 1554 qui
429 1471 833 1554 postmodum
899 1469 1028 1531 leni
1114 1490 1222 1530 sua
1288 1469 1752 1556 gubernatione
1817 1467 1973 1529 adeo

246 1560 473 1645 populi
536 1560 824 1624 favorem
903 1562 1263 1646 promeruit
1308 1608 1325 1637 ,
1404 1574 1477 1622 ut
1539 1563 1829 1639 Hippias
1909 1572 1973 1619 et

247 1653 677 1728 Hipparchus
739 1650 872 1736 ejus
928 1649 1043 1709 filii
1095 1671 1428 1735 supremae
1493 1652 1820 1733 potestatis
1861 1645 1973 1709 he-

243 1739 427 1803 redes
490 1742 570 1801 ab
657 1738 1153 1802 Atheniensibus
1227 1754 1740 1825 agnoscerentur.
1845 1739 1976 1800 Ve-

245 1853 395 1890 rum
440 1832 767 1916 Principes
797 1828 897 1905 hi,
941 1853 1020 1890 an
1045 1829 1266 1904 simul,
1314 1828 1418 1892 vel
1463 1851 1637 1891 secus
1684 1826 1973 1915 praefue-

246 1920 424 1982 rint'?
467 1923 781 1984 incertum
828 1934 951 1982 est:
998 1934 1282 1981 ceterum
1327 1922 1441 1981 etsi
1480 1942 1724 1981 summo
1768 1916 1974 1979 studio

250 2027 638 2073 conarentur
660 2015 877 2095 iugum
901 2008 1297 2091 Tyrannidis·
1312 2009 1696 2071 lenissimum
1714 2011 1972 2071 efficere:

256 2114 449 2184 prout
489 2102 573 2163 ob
613 2099 765 2164 haec
812 2121 1119 2161 summam
1164 2097 1333 2184 apud
1390 2098 1672 2160 eruditos
1723 2096 1975 2158 laudem

259 2204 444 2251 erant
485 2192 823 2269 consecuti,
861 2190 920 2270 c)
960 2202 1168 2250 tamen
1214 2203 1356 2273 post
1411 2192 1507 2250 18.
1544 2210 1738 2249 annos
1791 2209 1979 2248 exor-

267 2292 329 2339 ta
351 2279 658 2343 seditione
676 2282 1134 2342 Pisistratidas
1156 2278 1317 2340 urbe
1343 2277 1662 2362 pellendos
1681 2277 1981 2338 decreve-

256 2384 443 2449 runt,
489 2394 764 2455 quorum
799 2372 1007 2433 locum
1035 2370 1379 2428 Clisthenes
1412 2368 1600 2428 simili
1648 2382 1782 2428 arte
1815 2366 1979 2427 obti-

259 2463 398 2521 nuit
424 2485 435 2522 :
479 2465 590 2545 qui
615 2477 820 2525 tamen
840 2480 951 2522 suo
989 2458 1275 2542 periculo
1316 2458 1500 2518 brevi
1524 2460 1804 2533 territus,
1831 2458 1980 2516 mis-

260 2571 325 2612 sa
369 2552 719 2634 tyrannidis
757 2546 1158 2632 arripiendae
1190 2550 1573 2634 cogitatione
1599 2594 1615 2625 ,
1680 2545 1984 2633 populum
2040 2563 2042 2565 ’

1797 2660 1883 2701 11:1-

329 2887 389 2964 a)
427 2888 638 2942 Aelian.
671 2888 813 2942 Hist.
851 2906 966 2941 var.
1007 2887 1076 2946 L.
1115 2885 1171 2942 3.
1207 2905 1251 2941 c.
1289 2884 1376 2939 21.
1416 2883 1687 2941 Herodot.
1729 2883 1792 2937 L.
1836 2881 1884 2936 1.
1929 2901 1980 2939 c.

420 2959 509 3085 233:
534 2954 1228 3087 1513{{‡}?⁰s1353t35t‚0·0?14·.
1249 2952 1884 3095 <„.>⁶{i{i}{22?f¹t‘ifstf⁴2rassz
1921 2973 1981 3077 fi:

423 3103 479 3164 8.
530 3121 575 3158 c.
624 3100 677 3159 2.
728 3103 958 3158 Aristot.
998 3101 1158 3156 Polit.
1199 3101 1267 3162 L,
1302 3099 1350 3155 5.
1384 3118 1430 3156 c,
1469 3097 1554 3158 12.
