<?xml version="1.0" encoding="UTF-8"?>
<!DOCTYPE html PUBLIC "-//W3C//DTD XHTML 1.0 Transitional//EN"
    "http://www.w3.org/TR/xhtml1/DTD/xhtml1-transitional.dtd">
<html xmlns="http://www.w3.org/1999/xhtml" xml:lang="en" lang="en">
 <head>
  <title>
</title>
<meta http-equiv="Content-Type" content="text/html;charset=utf-8" />
  <meta name='ocr-system' content='tesseract 3.04.00' />
  <meta name='ocr-capabilities' content='ocr_page ocr_carea ocr_par ocr_line ocrx_word'/>
</head>
<body>
  <div class='ocr_page' id='page_1' title='image "./historiauniversa01nagy_0296.png"; bbox 0 0 2048 3786; ppageno 0'>
   <div class='ocr_carea' id='block_1_1' title="bbox 318 151 1359 221">
    <p class='ocr_par' dir='ltr' id='par_1_1' title="bbox 318 151 1359 221">
     <span class='ocr_line' id='line_1_1' title="bbox 318 151 1359 221; baseline -0.002 -10"><span class='ocrx_word' id='word_1_1' title='bbox 318 151 504 221; x_wconf 52' lang='lat'>,256</span> <span class='ocrx_word' id='word_1_2' title='bbox 917 155 1359 212; x_wconf 68' lang='lat' dir='ltr'>Ili-storia</span> 
     </span>
    </p>
   </div>
   <div class='ocr_carea' id='block_1_2' title="bbox 682 333 1592 608">
    <p class='ocr_par' dir='ltr' id='par_1_2' title="bbox 682 333 1592 608">
     <span class='ocr_line' id='line_1_2' title="bbox 746 333 1498 455; baseline -0.005 -31"><span class='ocrx_word' id='word_1_3' title='bbox 746 334 816 424; x_wconf 88' lang='lat' dir='ltr'>C</span> <span class='ocrx_word' id='word_1_4' title='bbox 871 370 920 422; x_wconf 85' lang='lat' dir='ltr'>a</span> <span class='ocrx_word' id='word_1_5' title='bbox 970 367 1027 455; x_wconf 86' lang='lat' dir='ltr'>p</span> <span class='ocrx_word' id='word_1_6' title='bbox 1070 371 1130 423; x_wconf 92' lang='lat' dir='ltr'>u</span> <span class='ocrx_word' id='word_1_7' title='bbox 1173 358 1210 422; x_wconf 85' lang='lat' dir='ltr'>t</span> <span class='ocrx_word' id='word_1_8' title='bbox 1295 333 1498 423; x_wconf 85' lang='lat' dir='ltr'>XV.</span> 
     </span>
     <span class='ocr_line' id='line_1_3' title="bbox 682 538 1592 608; baseline -0.003 -1"><span class='ocrx_word' id='word_1_9' title='bbox 682 538 1093 608; x_wconf 81' lang='lat' dir='ltr'><strong>HISTORIA</strong></span> <span class='ocrx_word' id='word_1_10' title='bbox 1166 546 1592 607; x_wconf 85' lang='lat' dir='ltr'><strong>INDORUM.</strong></span> 
     </span>
    </p>
   </div>
   <div class='ocr_carea' id='block_1_3' title="bbox 267 672 1991 2768">
    <p class='ocr_par' dir='ltr' id='par_1_3' title="bbox 267 672 1991 2768">
     <span class='ocr_line' id='line_1_4' title="bbox 267 672 1986 828; baseline 0.001 -22"><span class='ocrx_word' id='word_1_11' title='bbox 267 750 313 828; x_wconf 56' lang='grc' dir='ltr'><strong>ᾗ.</strong></span> <span class='ocrx_word' id='word_1_12' title='bbox 346 672 801 808; x_wconf 66' lang='lat' dir='ltr'>LSCatistico</span> <span class='ocrx_word' id='word_1_13' title='bbox 833 747 1272 825; x_wconf 76' lang='lat' dir='ltr'>Geograplzica</span> <span class='ocrx_word' id='word_1_14' title='bbox 1314 745 1518 802; x_wconf 79' lang='lat' dir='ltr'>Notio.</span> <span class='ocrx_word' id='word_1_15' title='bbox 1569 741 1747 802; x_wconf 80' lang='lat' dir='ltr'>India</span> <span class='ocrx_word' id='word_1_16' title='bbox 1798 743 1986 807; x_wconf 82' lang='lat' dir='ltr'>Asiae</span> 
     </span>
     <span class='ocr_line' id='line_1_5' title="bbox 275 831 1983 915; baseline 0.003 -28"><span class='ocrx_word' id='word_1_17' title='bbox 275 831 615 898; x_wconf 67' lang='lat' dir='ltr'>vastissima</span> <span class='ocrx_word' id='word_1_18' title='bbox 654 850 715 895; x_wconf 93' lang='lat' dir='ltr'>et</span> <span class='ocrx_word' id='word_1_19' title='bbox 761 835 1141 894; x_wconf 84' lang='lat' dir='ltr'>nobilissima</span> <span class='ocrx_word' id='word_1_20' title='bbox 1164 835 1363 915; x_wconf 77' lang='lat' dir='ltr'>regio,</span> <span class='ocrx_word' id='word_1_21' title='bbox 1413 832 1983 894; x_wconf 81' lang='lat' dir='ltr'>nomenclationem</span> 
     </span>
     <span class='ocr_line' id='line_1_6' title="bbox 278 920 1985 1005; baseline -0.003 -20"><span class='ocrx_word' id='word_1_22' title='bbox 278 925 358 985; x_wconf 85' lang='lat' dir='ltr'>ab</span> <span class='ocrx_word' id='word_1_23' title='bbox 405 927 560 981; x_wconf 78' lang='lat' dir='ltr'>Indo</span> <span class='ocrx_word' id='word_1_24' title='bbox 600 922 794 982; x_wconf 88' lang='lat' dir='ltr'>fluvio</span> <span class='ocrx_word' id='word_1_25' title='bbox 842 927 1108 1005; x_wconf 80' lang='lat' dir='ltr'>accepit3</span> <span class='ocrx_word' id='word_1_26' title='bbox 1158 924 1500 1004; x_wconf 76' lang='lat' dir='ltr'>existitque</span> <span class='ocrx_word' id='word_1_27' title='bbox 1550 920 1736 984; x_wconf 85' lang='lat' dir='ltr'>hodie</span> <span class='ocrx_word' id='word_1_28' title='bbox 1797 926 1985 983; x_wconf 86' lang='lat' dir='ltr'>etiam</span> 
     </span>
     <span class='ocr_line' id='line_1_7' title="bbox 273 1014 1987 1097; baseline -0.004 -23"><span class='ocrx_word' id='word_1_29' title='bbox 273 1014 507 1097; x_wconf 76' lang='lat' dir='ltr'>duplex</span> <span class='ocrx_word' id='word_1_30' title='bbox 534 1059 548 1086; x_wconf 83' lang='grc'>,</span> <span class='ocrx_word' id='word_1_31' title='bbox 596 1035 822 1096; x_wconf 83' lang='lat' dir='ltr'>nempe</span> <span class='ocrx_word' id='word_1_32' title='bbox 858 1016 1045 1068; x_wconf 75' lang='lat' dir='ltr'>India</span> <span class='ocrx_word' id='word_1_33' title='bbox 1079 1016 1258 1069; x_wconf 71' lang='lat' dir='ltr'>intra</span> <span class='ocrx_word' id='word_1_34' title='bbox 1301 1015 1582 1089; x_wconf 79' lang='lat' dir='ltr'>Gangem</span> <span class='ocrx_word' id='word_1_35' title='bbox 1610 1057 1625 1086; x_wconf 80' lang='grc'>,</span> <span class='ocrx_word' id='word_1_36' title='bbox 1697 1027 1760 1073; x_wconf 88' lang='lat' dir='ltr'>et</span> <span class='ocrx_word' id='word_1_37' title='bbox 1798 1015 1987 1070; x_wconf 73' lang='lat' dir='ltr'>India</span> 
     </span>
     <span class='ocr_line' id='line_1_8' title="bbox 273 1099 1991 1181; baseline -0.004 -16"><span class='ocrx_word' id='word_1_38' title='bbox 273 1116 459 1165; x_wconf 76' lang='lat' dir='ltr'>extra</span> <span class='ocrx_word' id='word_1_39' title='bbox 505 1104 801 1181; x_wconf 77' lang='lat' dir='ltr'>Gangem.</span> <span class='ocrx_word' id='word_1_40' title='bbox 847 1102 1127 1160; x_wconf 78' lang='lat' dir='ltr'>Tertiam</span> <span class='ocrx_word' id='word_1_41' title='bbox 1166 1099 1408 1159; x_wconf 79' lang='lat' dir='ltr'>Indiam</span> <span class='ocrx_word' id='word_1_42' title='bbox 1447 1116 1674 1159; x_wconf 77' lang='lat' dir='ltr'>vocant</span> <span class='ocrx_word' id='word_1_43' title='bbox 1732 1101 1836 1159; x_wconf 91' lang='lat' dir='ltr'>alii</span> <span class='ocrx_word' id='word_1_44' title='bbox 1880 1104 1991 1158; x_wconf 83' lang='lat' dir='ltr'>In-</span> 
     </span>
     <span class='ocr_line' id='line_1_9' title="bbox 275 1189 1988 1273; baseline -0.004 -19"><span class='ocrx_word' id='word_1_45' title='bbox 275 1201 500 1254; x_wconf 78' lang='lat' dir='ltr'>dostcm</span> <span class='ocrx_word' id='word_1_46' title='bbox 539 1213 647 1250; x_wconf 86' lang='lat' dir='ltr'>seu</span> <span class='ocrx_word' id='word_1_47' title='bbox 711 1191 1060 1273; x_wconf 80' lang='lat' dir='ltr'>Imperium</span> <span class='ocrx_word' id='word_1_48' title='bbox 1113 1189 1329 1270; x_wconf 80' lang='lat' dir='ltr'>Magni</span> <span class='ocrx_word' id='word_1_49' title='bbox 1398 1189 1686 1270; x_wconf 81' lang='lat' dir='ltr'>Mogolis.</span> <span class='ocrx_word' id='word_1_50' title='bbox 1742 1191 1988 1250; x_wconf 85' lang='lat' dir='ltr'>Verum</span> 
     </span>
     <span class='ocr_line' id='line_1_10' title="bbox 275 1280 1990 1343; baseline -0.003 -1"><span class='ocrx_word' id='word_1_51' title='bbox 275 1289 547 1343; x_wconf 74' lang='lat' dir='ltr'>Joamzes</span> <span class='ocrx_word' id='word_1_52' title='bbox 586 1283 874 1338; x_wconf 72' lang='lat' dir='ltr'>Barriccs</span> <span class='ocrx_word' id='word_1_53' title='bbox 897 1293 1114 1339; x_wconf 80' lang='lat' dir='ltr'>auctor</span> <span class='ocrx_word' id='word_1_54' title='bbox 1165 1293 1256 1338; x_wconf 85' lang='lat' dir='ltr'>est</span> <span class='ocrx_word' id='word_1_55' title='bbox 1283 1300 1294 1336; x_wconf 88' lang='grc'>;</span> <span class='ocrx_word' id='word_1_56' title='bbox 1324 1280 1577 1334; x_wconf 73' lang='lat' dir='ltr'>Indiam</span> <span class='ocrx_word' id='word_1_57' title='bbox 1612 1282 1790 1335; x_wconf 74' lang='lat' dir='ltr'>intra</span> <span class='ocrx_word' id='word_1_58' title='bbox 1817 1282 1990 1338; x_wconf 79' lang='lat' dir='ltr'>Gan-</span> 
     </span>
     <span class='ocr_line' id='line_1_11' title="bbox 270 1366 1990 1454; baseline -0.002 -23"><span class='ocrx_word' id='word_1_59' title='bbox 270 1395 415 1454; x_wconf 79' lang='lat' dir='ltr'>gem</span> <span class='ocrx_word' id='word_1_60' title='bbox 455 1369 533 1428; x_wconf 82' lang='lat' dir='ltr'>ab</span> <span class='ocrx_word' id='word_1_61' title='bbox 580 1369 799 1429; x_wconf 84' lang='lat' dir='ltr'>incolis</span> <span class='ocrx_word' id='word_1_62' title='bbox 846 1372 1152 1427; x_wconf 76' lang='lat' dir='ltr'>Inclosccm</span> <span class='ocrx_word' id='word_1_63' title='bbox 1177 1369 1409 1427; x_wconf 87' lang='lat' dir='ltr'>vocari.</span> <span class='ocrx_word' id='word_1_64' title='bbox 1459 1368 1849 1428; x_wconf 82' lang='lat' dir='ltr'>Divisionem</span> <span class='ocrx_word' id='word_1_65' title='bbox 1878 1366 1990 1428; x_wconf 85' lang='lat' dir='ltr'>ho-</span> 
     </span>
     <span class='ocr_line' id='line_1_12' title="bbox 277 1455 1989 1542; baseline -0.005 -18"><span class='ocrx_word' id='word_1_66' title='bbox 277 1485 418 1524; x_wconf 86' lang='lat' dir='ltr'>rum</span> <span class='ocrx_word' id='word_1_67' title='bbox 438 1481 799 1542; x_wconf 76' lang='lat' dir='ltr'>regnorum,</span> <span class='ocrx_word' id='word_1_68' title='bbox 819 1461 907 1518; x_wconf 93' lang='lat' dir='ltr'>uti</span> <span class='ocrx_word' id='word_1_69' title='bbox 930 1474 991 1518; x_wconf 89' lang='lat' dir='ltr'>et</span> <span class='ocrx_word' id='word_1_70' title='bbox 1011 1457 1267 1517; x_wconf 85' lang='lat' dir='ltr'>urbium</span> <span class='ocrx_word' id='word_1_71' title='bbox 1289 1457 1542 1515; x_wconf 84' lang='lat' dir='ltr'>nomina</span> <span class='ocrx_word' id='word_1_72' title='bbox 1562 1455 1684 1538; x_wconf 88' lang='lat' dir='ltr'>jam</span> <span class='ocrx_word' id='word_1_73' title='bbox 1703 1461 1989 1541; x_wconf 85' lang='lat' dir='ltr'>superius</span> 
     </span>
     <span class='ocr_line' id='line_1_13' title="bbox 276 1544 1990 1636; baseline -0.003 -24"><span class='ocrx_word' id='word_1_74' title='bbox 276 1555 343 1636; x_wconf 81' lang='lat' dir='ltr'>a)</span> <span class='ocrx_word' id='word_1_75' title='bbox 366 1552 738 1633; x_wconf 78' lang='lat' dir='ltr'>exposimus.</span> <span class='ocrx_word' id='word_1_76' title='bbox 782 1551 990 1621; x_wconf 83' lang='lat' dir='ltr'>Quare</span> <span class='ocrx_word' id='word_1_77' title='bbox 1018 1546 1133 1608; x_wconf 84' lang='lat' dir='ltr'>hoc</span> <span class='ocrx_word' id='word_1_78' title='bbox 1170 1546 1308 1607; x_wconf 89' lang='lat' dir='ltr'>loco</span> <span class='ocrx_word' id='word_1_79' title='bbox 1341 1549 1633 1605; x_wconf 78' lang='lat' dir='ltr'>statistiea</span> <span class='ocrx_word' id='word_1_80' title='bbox 1660 1544 1788 1628; x_wconf 83' lang='lat' dir='ltr'>ejus</span> <span class='ocrx_word' id='word_1_81' title='bbox 1814 1549 1990 1607; x_wconf 91' lang='lat' dir='ltr'>notio</span> 
     </span>
     <span class='ocr_line' id='line_1_14' title="bbox 276 1633 1990 1722; baseline -0.006 -16"><span class='ocrx_word' id='word_1_82' title='bbox 276 1658 367 1706; x_wconf 82' lang='lat' dir='ltr'>est</span> <span class='ocrx_word' id='word_1_83' title='bbox 399 1661 701 1722; x_wconf 84' lang='lat' dir='ltr'>Sequens:</span> <span class='ocrx_word' id='word_1_84' title='bbox 746 1637 919 1696; x_wconf 82' lang='lat' dir='ltr'>India</span> <span class='ocrx_word' id='word_1_85' title='bbox 945 1637 1021 1697; x_wconf 84' lang='lat' dir='ltr'>ad</span> <span class='ocrx_word' id='word_1_86' title='bbox 1043 1638 1557 1720; x_wconf 83' lang='lat' dir='ltr'>septemtrionem</span> <span class='ocrx_word' id='word_1_87' title='bbox 1598 1633 1787 1696; x_wconf 87' lang='lat' dir='ltr'>habet</span> <span class='ocrx_word' id='word_1_88' title='bbox 1829 1638 1990 1695; x_wconf 82' lang='lat' dir='ltr'>Cau-</span> 
     </span>
     <span class='ocr_line' id='line_1_15' title="bbox 273 1724 1986 1806; baseline -0.006 -11"><span class='ocrx_word' id='word_1_89' title='bbox 273 1754 497 1806; x_wconf 80' lang='lat' dir='ltr'>casum3</span> <span class='ocrx_word' id='word_1_90' title='bbox 522 1729 598 1787; x_wconf 83' lang='lat' dir='ltr'>ab</span> <span class='ocrx_word' id='word_1_91' title='bbox 619 1725 940 1788; x_wconf 85' lang='lat' dir='ltr'>occidente</span> <span class='ocrx_word' id='word_1_92' title='bbox 962 1731 1236 1789; x_wconf 74' lang='lat' dir='ltr'>Persian]</span> <span class='ocrx_word' id='word_1_93' title='bbox 1260 1750 1274 1801; x_wconf 76' lang='lat'><em>3</em></span> <span class='ocrx_word' id='word_1_94' title='bbox 1301 1725 1379 1783; x_wconf 83' lang='lat' dir='ltr'>ab</span> <span class='ocrx_word' id='word_1_95' title='bbox 1427 1726 1688 1786; x_wconf 80' lang='lat' dir='ltr'>Oriente</span> <span class='ocrx_word' id='word_1_96' title='bbox 1707 1724 1986 1800; x_wconf 80' lang='lat' dir='ltr'>Chinam3</span> 
     </span>
     <span class='ocr_line' id='line_1_16' title="bbox 273 1816 1990 1883; baseline -0.006 0"><span class='ocrx_word' id='word_1_97' title='bbox 273 1824 349 1883; x_wconf 89' lang='lat' dir='ltr'>ad</span> <span class='ocrx_word' id='word_1_98' title='bbox 392 1818 726 1880; x_wconf 87' lang='lat' dir='ltr'>Meridiem</span> <span class='ocrx_word' id='word_1_99' title='bbox 762 1840 933 1877; x_wconf 86' lang='lat' dir='ltr'>mare</span> <span class='ocrx_word' id='word_1_100' title='bbox 961 1816 1262 1876; x_wconf 84' lang='lat' dir='ltr'>Indicum.</span> <span class='ocrx_word' id='word_1_101' title='bbox 1312 1816 1403 1875; x_wconf 92' lang='lat' dir='ltr'>De</span> <span class='ocrx_word' id='word_1_102' title='bbox 1430 1818 1856 1874; x_wconf 84' lang='lat' dir='ltr'>vetustissimis</span> <span class='ocrx_word' id='word_1_103' title='bbox 1883 1817 1990 1874; x_wconf 79' lang='lat' dir='ltr'>In-</span> 
     </span>
     <span class='ocr_line' id='line_1_17' title="bbox 278 1905 1986 1987; baseline -0.005 -16"><span class='ocrx_word' id='word_1_104' title='bbox 278 1914 506 1974; x_wconf 87' lang='lat' dir='ltr'>dorum</span> <span class='ocrx_word' id='word_1_105' title='bbox 572 1910 766 1967; x_wconf 91' lang='lat' dir='ltr'>initiis</span> <span class='ocrx_word' id='word_1_106' title='bbox 811 1905 970 1966; x_wconf 89' lang='lat' dir='ltr'>nihil</span> <span class='ocrx_word' id='word_1_107' title='bbox 1024 1909 1180 1967; x_wconf 86' lang='lat' dir='ltr'>certi</span> <span class='ocrx_word' id='word_1_108' title='bbox 1258 1919 1531 1965; x_wconf 81' lang='lat' dir='ltr'>statuere</span> <span class='ocrx_word' id='word_1_109' title='bbox 1606 1927 1986 1987; x_wconf 77' lang='lat' dir='ltr'>possumus;</span> 
     </span>
     <span class='ocr_line' id='line_1_18' title="bbox 274 1992 1983 2076; baseline -0.006 -14"><span class='ocrx_word' id='word_1_110' title='bbox 274 2018 366 2064; x_wconf 87' lang='lat' dir='ltr'>ast</span> <span class='ocrx_word' id='word_1_111' title='bbox 407 2014 477 2058; x_wconf 89' lang='lat' dir='ltr'>ut</span> <span class='ocrx_word' id='word_1_112' title='bbox 508 1998 586 2056; x_wconf 85' lang='lat' dir='ltr'>ab</span> <span class='ocrx_word' id='word_1_113' title='bbox 628 2001 997 2055; x_wconf 68' lang='lat' dir='ltr'>Alexandro</span> <span class='ocrx_word' id='word_1_114' title='bbox 1031 2000 1121 2054; x_wconf 86' lang='lat' dir='ltr'>M.</span> <span class='ocrx_word' id='word_1_115' title='bbox 1170 1994 1348 2055; x_wconf 85' lang='lat' dir='ltr'>India</span> <span class='ocrx_word' id='word_1_116' title='bbox 1378 1992 1498 2052; x_wconf 85' lang='lat' dir='ltr'>fuit</span> <span class='ocrx_word' id='word_1_117' title='bbox 1520 1992 1866 2076; x_wconf 81' lang='lat' dir='ltr'>subjugata,</span> <span class='ocrx_word' id='word_1_118' title='bbox 1920 1996 1983 2052; x_wconf 91' lang='lat' dir='ltr'>in</span> 
     </span>
     <span class='ocr_line' id='line_1_19' title="bbox 281 2085 1979 2169; baseline -0.006 -16"><span class='ocrx_word' id='word_1_119' title='bbox 281 2106 479 2154; x_wconf 76' lang='lat' dir='ltr'>tractu</span> <span class='ocrx_word' id='word_1_120' title='bbox 516 2109 625 2147; x_wconf 89' lang='lat' dir='ltr'>suo</span> <span class='ocrx_word' id='word_1_121' title='bbox 678 2089 865 2146; x_wconf 75' lang='lat'><strong>5000.</strong></span> <span class='ocrx_word' id='word_1_122' title='bbox 916 2085 1252 2169; x_wconf 85' lang='lat' dir='ltr'>opidorum</span> <span class='ocrx_word' id='word_1_123' title='bbox 1289 2086 1686 2142; x_wconf 82' lang='lat' dir='ltr'>numeravit:</span> <span class='ocrx_word' id='word_1_124' title='bbox 1736 2085 1796 2163; x_wconf 73' lang='lat' dir='ltr'>h)</span> <span class='ocrx_word' id='word_1_125' title='bbox 1850 2106 1979 2165; x_wconf 90' lang='lat' dir='ltr'>quo</span> 
     </span>
     <span class='ocr_line' id='line_1_20' title="bbox 278 2171 1982 2264; baseline -0.006 -22"><span class='ocrx_word' id='word_1_126' title='bbox 278 2198 562 2264; x_wconf 85' lang='lat' dir='ltr'>tempore</span> <span class='ocrx_word' id='word_1_127' title='bbox 596 2176 747 2235; x_wconf 87' lang='lat' dir='ltr'>urbs</span> <span class='ocrx_word' id='word_1_128' title='bbox 771 2174 1108 2234; x_wconf 81' lang='lat' dir='ltr'>clarissima</span> <span class='ocrx_word' id='word_1_129' title='bbox 1146 2189 1207 2233; x_wconf 88' lang='lat' dir='ltr'>et</span> <span class='ocrx_word' id='word_1_130' title='bbox 1234 2174 1498 2231; x_wconf 68' lang='lat' dir='ltr'>maxima</span> <span class='ocrx_word' id='word_1_131' title='bbox 1534 2171 1653 2230; x_wconf 85' lang='lat' dir='ltr'>fuit</span> <span class='ocrx_word' id='word_1_132' title='bbox 1685 2176 1878 2230; x_wconf 69' lang='lat' dir='ltr'>Nisscz</span> <span class='ocrx_word' id='word_1_133' title='bbox 1918 2175 1982 2231; x_wconf 92' lang='lat' dir='ltr'>in</span> 
     </span>
     <span class='ocr_line' id='line_1_21' title="bbox 279 2261 1985 2344; baseline -0.008 -11"><span class='ocrx_word' id='word_1_134' title='bbox 279 2285 490 2332; x_wconf 88' lang='lat' dir='ltr'>monte</span> <span class='ocrx_word' id='word_1_135' title='bbox 526 2269 707 2323; x_wconf 59' lang='lat' dir='ltr'>silero</span> <span class='ocrx_word' id='word_1_136' title='bbox 759 2287 790 2322; x_wconf 89' lang='lat' dir='ltr'>a</span> <span class='ocrx_word' id='word_1_137' title='bbox 832 2261 1071 2323; x_wconf 82' lang='lat' dir='ltr'>Baccho</span> <span class='ocrx_word' id='word_1_138' title='bbox 1105 2262 1440 2322; x_wconf 77' lang='lat' dir='ltr'>aedificata.</span> <span class='ocrx_word' id='word_1_139' title='bbox 1504 2262 1708 2320; x_wconf 81' lang='lat' dir='ltr'>Flu-vii</span> <span class='ocrx_word' id='word_1_140' title='bbox 1745 2264 1985 2344; x_wconf 83' lang='lat' dir='ltr'>praeei-</span> 
     </span>
     <span class='ocr_line' id='line_1_22' title="bbox 281 2354 1984 2446; baseline -0.006 -26"><span class='ocrx_word' id='word_1_141' title='bbox 281 2364 391 2446; x_wconf 91' lang='lat' dir='ltr'>pui</span> <span class='ocrx_word' id='word_1_142' title='bbox 438 2374 499 2420; x_wconf 88' lang='lat' dir='ltr'>et</span> <span class='ocrx_word' id='word_1_143' title='bbox 533 2356 787 2414; x_wconf 68' lang='lat' dir='ltr'>maximi</span> <span class='ocrx_word' id='word_1_144' title='bbox 814 2368 973 2413; x_wconf 87' lang='lat' dir='ltr'>sunt:</span> <span class='ocrx_word' id='word_1_145' title='bbox 1031 2356 1280 2430; x_wconf 76' lang='lat' dir='ltr'>Ganges</span> <span class='ocrx_word' id='word_1_146' title='bbox 1327 2366 1388 2413; x_wconf 86' lang='lat' dir='ltr'>et</span> <span class='ocrx_word' id='word_1_147' title='bbox 1436 2354 1664 2424; x_wconf 71' lang='lat' dir='ltr'>Inclch,</span> <span class='ocrx_word' id='word_1_148' title='bbox 1714 2365 1984 2433; x_wconf 87' lang='lat' dir='ltr'>uterque</span> 
     </span>
     <span class='ocr_line' id='line_1_23' title="bbox 278 2439 1983 2524; baseline -0.006 -14"><span class='ocrx_word' id='word_1_149' title='bbox 278 2445 712 2512; x_wconf 84' lang='lat' dir='ltr'>novemdecim</span> <span class='ocrx_word' id='word_1_150' title='bbox 763 2465 952 2502; x_wconf 78' lang='lat' dir='ltr'>annes</span> <span class='ocrx_word' id='word_1_151' title='bbox 1008 2442 1064 2523; x_wconf 77' lang='lat' dir='ltr'>c)</span> <span class='ocrx_word' id='word_1_152' title='bbox 1114 2444 1376 2524; x_wconf 81' lang='lat' dir='ltr'>recipit3</span> <span class='ocrx_word' id='word_1_153' title='bbox 1447 2444 1696 2518; x_wconf 71' lang='lat' dir='ltr'>Ganges</span> <span class='ocrx_word' id='word_1_154' title='bbox 1739 2439 1983 2500; x_wconf 85' lang='lat' dir='ltr'>Indiam</span> 
     </span>
     <span class='ocr_line' id='line_1_24' title="bbox 280 2529 1984 2619; baseline -0.008 -18"><span class='ocrx_word' id='word_1_155' title='bbox 280 2544 344 2601; x_wconf 93' lang='lat' dir='ltr'>in</span> <span class='ocrx_word' id='word_1_156' title='bbox 383 2539 534 2599; x_wconf 86' lang='lat' dir='ltr'>duas</span> <span class='ocrx_word' id='word_1_157' title='bbox 571 2548 774 2619; x_wconf 85' lang='lat' dir='ltr'>partes</span> <span class='ocrx_word' id='word_1_158' title='bbox 810 2530 1053 2590; x_wconf 85' lang='lat' dir='ltr'>dividit.</span> <span class='ocrx_word' id='word_1_159' title='bbox 1102 2533 1353 2592; x_wconf 87' lang='lat' dir='ltr'>Montes</span> <span class='ocrx_word' id='word_1_160' title='bbox 1404 2529 1785 2589; x_wconf 80' lang='lat' dir='ltr'>celebriores</span> <span class='ocrx_word' id='word_1_161' title='bbox 1840 2544 1984 2588; x_wconf 87' lang='lat' dir='ltr'>sunt</span> 
     </span>
     <span class='ocr_line' id='line_1_25' title="bbox 273 2619 1983 2704; baseline -0.006 -15"><span class='ocrx_word' id='word_1_162' title='bbox 273 2634 490 2689; x_wconf 74' lang='lat' dir='ltr'>Imaus</span> <span class='ocrx_word' id='word_1_163' title='bbox 517 2674 532 2704; x_wconf 78' lang='grc'>,</span> <span class='ocrx_word' id='word_1_164' title='bbox 583 2627 862 2681; x_wconf 74' lang='lat' dir='ltr'>Emodus</span> <span class='ocrx_word' id='word_1_165' title='bbox 889 2668 904 2697; x_wconf 85' lang='grc'>,</span> <span class='ocrx_word' id='word_1_166' title='bbox 962 2623 1454 2698; x_wconf 75' lang='lat' dir='ltr'>Paropccmisch,</span> <span class='ocrx_word' id='word_1_167' title='bbox 1500 2642 1532 2677; x_wconf 89' lang='lat' dir='ltr'>a</span> <span class='ocrx_word' id='word_1_168' title='bbox 1577 2619 1808 2702; x_wconf 84' lang='lat' dir='ltr'>quibus</span> <span class='ocrx_word' id='word_1_169' title='bbox 1854 2633 1983 2678; x_wconf 89' lang='lat' dir='ltr'>tota</span> 
     </span>
     <span class='ocr_line' id='line_1_26' title="bbox 1747 2706 1894 2768; baseline 0 -2"><span class='ocrx_word' id='word_1_170' title='bbox 1747 2706 1894 2768; x_wconf 88' lang='lat' dir='ltr'>dein</span> 
     </span>
    </p>
   </div>
   <div class='ocr_carea' id='block_1_4' title="bbox 277 2828 598 2843">
    <p class='ocr_par' dir='ltr' id='par_1_4' title="bbox 277 2828 598 2843">
     <span class='ocr_line' id='line_1_27' title="bbox 277 2828 598 2843; baseline 0 943"><span class='ocrx_word' id='word_1_171' title='bbox 277 2828 598 2843; x_wconf 95' lang='lat' dir='ltr'> </span> 
     </span>
    </p>
   </div>
   <div class='ocr_carea' id='block_1_5' title="bbox 346 2892 1982 3036">
    <p class='ocr_par' dir='ltr' id='par_1_5' title="bbox 346 2892 1982 3036">
     <span class='ocr_line' id='line_1_28' title="bbox 346 2892 1982 2972; baseline -0.009 -13"><span class='ocrx_word' id='word_1_172' title='bbox 346 2911 402 2972; x_wconf 83' lang='lat' dir='ltr'>a)</span> <span class='ocrx_word' id='word_1_173' title='bbox 444 2907 502 2957; x_wconf 87' lang='lat' dir='ltr'>In</span> <span class='ocrx_word' id='word_1_174' title='bbox 540 2902 749 2971; x_wconf 77' lang='lat' dir='ltr'>Proleg.</span> <span class='ocrx_word' id='word_1_175' title='bbox 782 2898 931 2952; x_wconf 88' lang='lat' dir='ltr'>Hist.</span> <span class='ocrx_word' id='word_1_176' title='bbox 961 2896 1124 2965; x_wconf 82' lang='lat' dir='ltr'>hujus</span> <span class='ocrx_word' id='word_1_177' title='bbox 1165 2895 1233 2948; x_wconf 90' lang='lat' dir='ltr'>T.</span> <span class='ocrx_word' id='word_1_178' title='bbox 1276 2892 1328 2949; x_wconf 86' lang='lat'>1.</span> <span class='ocrx_word' id='word_1_179' title='bbox 1369 2914 1425 2964; x_wconf 92' lang='lat' dir='ltr'>p.</span> <span class='ocrx_word' id='word_1_180' title='bbox 1464 2893 1545 2948; x_wconf 88' lang='grc'><strong>16.</strong></span> <span class='ocrx_word' id='word_1_181' title='bbox 1580 2911 1735 2964; x_wconf 74' lang='lat' dir='ltr'>seqq.</span> <span class='ocrx_word' id='word_1_182' title='bbox 1768 2894 1891 2946; x_wconf 83' lang='lat' dir='ltr'>vide</span> <span class='ocrx_word' id='word_1_183' title='bbox 1928 2905 1982 2946; x_wconf 88' lang='lat' dir='ltr'>et</span> 
     </span>
     <span class='ocr_line' id='line_1_29' title="bbox 439 2963 1977 3036; baseline -0.008 -7"><span class='ocrx_word' id='word_1_184' title='bbox 439 2971 1076 3030; x_wconf 76' lang='lat' dir='ltr'>Strabonem.-Plinium.</span> <span class='ocrx_word' id='word_1_185' title='bbox 1105 2969 1488 3021; x_wconf 80' lang='lat' dir='ltr'>Mercatorem.</span> <span class='ocrx_word' id='word_1_186' title='bbox 1538 2963 1592 3036; x_wconf 81' lang='lat' dir='ltr'>b)</span> <span class='ocrx_word' id='word_1_187' title='bbox 1641 2965 1866 3018; x_wconf 83' lang='lat' dir='ltr'>Plinius.</span> <span class='ocrx_word' id='word_1_188' title='bbox 1917 2967 1977 3017; x_wconf 88' lang='lat' dir='ltr'>L.</span> 
     </span>
    </p>
   </div>
   <div class='ocr_carea' id='block_1_6' title="bbox 437 3034 1980 3191">
    <p class='ocr_par' dir='ltr' id='par_1_6' title="bbox 437 3034 1980 3191">
     <span class='ocr_line' id='line_1_30' title="bbox 439 3034 1980 3108; baseline -0.008 -8"><span class='ocrx_word' id='word_1_189' title='bbox 439 3048 493 3102; x_wconf 87' lang='grc'><strong>6.</strong></span> <span class='ocrx_word' id='word_1_190' title='bbox 531 3067 575 3098; x_wconf 81' lang='lat' dir='ltr'>c.</span> <span class='ocrx_word' id='word_1_191' title='bbox 618 3044 697 3097; x_wconf 80' lang='grc'>17.</span> <span class='ocrx_word' id='word_1_192' title='bbox 745 3048 793 3108; x_wconf 79' lang='lat' dir='ltr'>c)</span> <span class='ocrx_word' id='word_1_193' title='bbox 835 3040 1053 3092; x_wconf 81' lang='lat' dir='ltr'>Strabo.</span> <span class='ocrx_word' id='word_1_194' title='bbox 1110 3041 1173 3091; x_wconf 89' lang='lat' dir='ltr'>L.</span> <span class='ocrx_word' id='word_1_195' title='bbox 1218 3038 1301 3091; x_wconf 80' lang='lat'>15.</span> <span class='ocrx_word' id='word_1_196' title='bbox 1332 3037 1472 3088; x_wconf 89' lang='lat' dir='ltr'>Plin.</span> <span class='ocrx_word' id='word_1_197' title='bbox 1520 3037 1585 3093; x_wconf 83' lang='lat' dir='ltr'>L.</span> <span class='ocrx_word' id='word_1_198' title='bbox 1636 3034 1683 3088; x_wconf 88' lang='grc'><strong>6.</strong></span> <span class='ocrx_word' id='word_1_199' title='bbox 1743 3055 1858 3108; x_wconf 84' lang='lat' dir='ltr'>cap.</span> <span class='ocrx_word' id='word_1_200' title='bbox 1898 3035 1980 3090; x_wconf 77' lang='grc'><strong>18.</strong></span> 
     </span>
     <span class='ocr_line' id='line_1_31' title="bbox 437 3137 589 3191; baseline -0.013 -21"><span class='ocrx_word' id='word_1_201' title='bbox 437 3137 589 3191; x_wconf 80' lang='lat' dir='ltr'>seqq.</span> 
     </span>
    </p>
   </div>
  </div>
 </body>
</html>
