2048 3786
1561 227 1593 286 Q}

1603 225 1637 285 σι

527 225 1110 286 Thebanorum.
1514 226 1549 286 5

551 406 624 494 C
652 440 701 491 a
721 437 779 524 p
798 442 858 493 u
880 426 919 525 ¹³,
1017 406 1270 494 XIX.

343 617 749 681 HISTORIA
795 614 1405 675 THEBANORUM.

47 818 93 896 ᾗ.
118 819 168 876 1.
198 749 508 876 Thebae
556 812 619 868 in
641 807 874 893 Achaja
894 813 1193 872 Graeciae
1227 813 1549 892 provincia
1582 816 1731 874 sitae

45 917 242 977 erant,
290 924 450 983 quae
474 898 597 982 jam
616 899 765 959 olim
788 915 954 959 tanta
973 901 1331 961 celebritate
1352 900 1731 976 claruerunt,

43 1007 115 1051 ut
173 1013 376 1072 neque
442 986 702 1048 Athenis
767 989 1062 1051 cederent
1093 1034 1110 1064 ,
1168 1002 1481 1070 tamquam
1534 993 1734 1073 patria

41 1078 384 1139 multorum
421 1079 757 1157 illustr-ium
780 1081 1082 1137 virorum.
1110 1078 1386 1136 Vocatur
1409 1078 1551 1137 alias
1587 1077 1734 1138 haec

46 1170 224 1251 regio
253 1171 539 1225 Boeotia.
590 1166 832 1226 Horum
853 1168 952 1225 Dii
974 1167 1293 1247 praecipui
1314 1182 1518 1226 erant:
1545 1169 1736 1242 Apol-

52 1262 141 1331 lo,
176 1259 424 1329 Diana,
464 1259 689 1313 Venas..
755 1257 831 1315 Et
860 1255 1115 1337 quidem
1152 1258 1434 1330 Apollini
1462 1278 1739 1314 annuum

48 1345 363 1428 eligebant
399 1341 780 1406 sacerdotem
840 1344 1082 1403 Laurea
1119 1358 1479 1402 coronatum
1503 1390 1517 1417 ,
1553 1345 1616 1423 a)
1636 1345 1737 1401 cui

49 1435 356 1517 imprimis
393 1447 601 1492 tauros
644 1432 1057 1492 immolarunt.
1105 1429 1381 1491 Thebani
1430 1430 1742 1492 habebant

49 1525 235 1583 etiam
269 1522 432 1582 Deae
463 1526 777 1579 Fortunae
813 1519 1059 1596 aedem3
1106 1518 1270 1579 unde
1304 1519 1736 1580 crediderunt:

56 1613 330 1689 quemvis
357 1614 873 1686 itaprccecellere.)
893 1622 1094 1686 prout
1111 1611 1387 1684 fortuna
1423 1612 1644 1666 utitur.
1680 1609 1746 1687 b)

53 1701 232 1759 Circa
253 1722 484 1757 annum.
520 1699 603 1757 M.
631 1703 816 1759 2200.
859 1712 1010 1758 teste
1046 1700 1370 1754 Pausania
1413 1699 1470 1777 c)
1510 1695 1739 1757 Thebis

55 1789 341 1870 regnavit
387 1790 673 1864 Ogyge-³¹,
712 1788 939 1844 ,Iacobo
979 1785 1287 1866 aequali33
1331 1783 1504 1866 cujus
1546 1799 1742 1846 aetate

57 1879 120 1934 in
166 1875 374 1934 Attica
422 1877 687 1957 contigit
739 1874 984 1935 celebre
1023 1873 1332 1932 diluvium
1387 1876 1698 1956 Ogygium
1727 1918 1742 1946 ,

55 1966 392 2024 Poetarum
415 1966 710 2024 encomiis
733 1963 1130 2024 celebratum.
1158 1963 1278 2020 Hic
1312 1963 1390 2020 ab
1426 1964 1604 2021 initio
1621 1963 1745 2021 sin-

56 2052 233 2135 gulae
266 2052 452 2113 urbes
491 2073 629 2111 suos
667 2050 1020 2111 habuerunt
1065 2050 1310 2132 regulos
1329 2053 1562 2111 nemini
1602 2049 1747 2109 sub-

53 2139 278 2225 ject08‚
314 2155 375 2201 et
410 2162 552 2199 cum
591 2140 848 2222 reliquis
882 2139 1237 2199 civitatibus
1299 2142 1363 2197 in
1422 2160 1749 2198 commune

60 2228 137 2290 de
174 2228 520 2314 Republica
554 2229 975 2302 consulentes3
1022 2250 1292 2310 quornm
1319 2242 1524 2288 tamen
1545 2228 1749 2286 nomi-

63 2342 139 2377 na
181 2332 244 2379 et
277 2320 520 2392 seriem,
539 2320 603 2376 in
621 2321 1040 2379 monumentis
1070 2318 1398 2377 Historicis
1420 2339 1543 2375 non
1566 2338 1749 2397 repe-

63 2408 274 2466 rimus.
332 2408 536 2478 Quare
568 2409 992 2488 antiquissima
1038 2429 1256 2465 eorum
1291 2419 1570 2486 tempora
1639 2403 1753 2462 oh-

61 2516 236 2553 scura
263 2493 658 2554 declaramus.
689 2497 877 2553 Juxta
896 2493 1330 2576 fidedigniores
1352 2508 1555 2552 autem
1585 2493 1754 2551 Scri-

64 2597 276 2665 ptores
298 2628 313 2656 ,
348 2583 720 2664 d)Regnum
757 2581 1201 2643 Thebanorum
1233 2586 1459 2641 Cadmo
1485 2579 1751 2641 Phoeni-

63 2674 159 2731 cio
198 2673 503 2753 originem
529 2670 734 2746 debet,
768 2673 1212 2753 quiEaropam
1229 2693 1504 2731 sororem
1526 2669 1753 2728 frustra

1476 2781 1667 2841 quae-

138 2942 197 3016 α)
237 2945 465 2995 Pausan.
509 2944 570 2995 L.
608 2942 661 2997 4.
702 2961 751 2998 c,
806 2940 883 2994 10.
935 2941 987 3014 b)
1029 2942 1192 2995 idem.
1227 2942 1358 2994 ibid.
1399 2962 1441 2992 c.
1484 2939 1570 2996 16.
1606 2940 1657 3011 c)
1692 2940 1752 2993 L.

229 3013 280 3068 9.
322 3034 366 3064 c.
410 3015 458 3066 ὁ.
494 3014 780 3065 Africanus
815 3033 901 3082 ap.
941 3014 1183 3083 Syncell.
1231 3034 1287 3086 p.
1349 3010 1458 3064 148.
1503 3014 1757 3080 ng'gtlm

230 3086 370 3135 Mosi
408 3085 688 3153 aequalem
723 3083 869 3137 facil.
923 3083 982 3154 d)
1027 3085 1243 3136 Diodor.
1284 3083 1453 3138 Sicul.
1494 3085 1555 3139 L.
1589 3073 1662 3137 ⁹4.
1713 3101 1757 3132 c.

231 3153 284 3209 Σ).
324 3157 550 3209 Pausan.
586 3157 641 3207 in
677 3156 960 3219 Boeoticis.
986 3156 1046 3211 L,
1075 3154 1126 3210 9.
