2048 3786
550 208 1226 266 Atheniensimn.
1558 209 1677 267 501

93 409 219 449 sem
252 386 557 470 abrogare
589 389 933 460 niteretur,
980 382 1366 443 dominatum
1423 384 1552 444 sere
1620 384 1784 445 obti-

94 478 355 536 nuisset:
401 477 521 535 nisi
558 486 906 534 commotus
936 472 1202 555 populus
1225 517 1241 545 ,
1282 470 1626 552 profligatis
1666 474 1785 531 La-

91 561 540 637 cedaemoniis,
590 563 961 621 Clisthenem
992 572 1372 634 revocasset3
1420 562 1530 640 qui
1571 574 1782 642 postea

85 673 196 712 suo
228 651 507 734 periculo
541 649 791 724 doctus,
826 650 1006 707 missa
1026 645 1372 729 tyrannidis
1391 649 1788 728 cogitatione,

86 741 580 800 Democraticam
620 738 939 819 regiminis
984 734 1252 795 formam
1276 737 1340 793 in
1379 738 1641 816 gratiam
1671 758 1784 817 po-

87 826 221 910 puli
263 829 583 901 restituit,-
641 827 1217 902 Ostracismzmzqzce
1284 824 1566 882 instituit.
1644 825 1784 895 Quo

86 930 267 998 pacto
315 915 608 998 Spartani
642 912 882 997 pudore
906 911 1183 986 confusi,
1231 909 1402 994 quod
1439 914 1611 971 vanis
1646 935 1785 972 ora-

82 1002 208 1062 culi
273 1002 473 1063 effatis
513 1001 798 1085 impulsi,
856 1023 1059 1085 nuper
1115 997 1524 1062 Pisistratidas
1571 999 1785 1084 ejecis-

87 1104 255 1151 sent:
322 1089 462 1151 ideo
515 1093 833 1167 Hippiam
893 1088 1099 1150 denuo
1152 1087 1452 1149 reducere
1491 1087 1785 1151 decreve-

97 1193 286 1238 runt:
333 1177 440 1239 sed
479 1181 634 1260 quia
677 1177 738 1237 id
775 1180 899 1239 suis
939 1177 1182 1238 viribus
1222 1180 1459 1237 efficere
1497 1200 1623 1237 non
1678 1199 1785 1235 va·-

82 1266 324 1342 lerent‚
363 1266 691 1328 foederatis
734 1267 979 1351 populis
1039 1288 1145 1326 sua
1207 1265 1464 1325 consilia
1524 1264 1782 1326 manife-

82 1369 365 1433 starunt3
422 1369 486 1414 at
528 1355 608 1414 ab
666 1353 759 1414 his
801 1370 872 1415 ut
916 1354 1221 1414 libertatis
1273 1354 1619 1413 amantibus
1677 1377 1777 1414 re-

86 1444 323 1526 pulsam
359 1446 558 1527 passi‚
620 1446 961 1502 maximum
1007 1440 1151 1502 inde
1206 1441 1420 1502 odium
1476 1464 1777 1523 concepe-

88 1546 236 1591 runt
263 1555 279 1608 5
326 1530 491 1591 unde
520 1534 788 1590 maxima
836 1534 1001 1591 inter
1062 1532 1401 1612 Spartanos
1464 1545 1526 1591 et
1583 1530 1780 1590 Athe-

86 1622 330 1680 nienses
376 1619 703 1680 aemulatio
748 1635 884 1680 orta
917 1634 1022 1680 est.
1070 1621 1166 1679 Ita
1205 1622 1489 1696 Hippias
1512 1642 1546 1678 a
1584 1619 1781 1679 Grae-

83 1711 170 1767 cis
208 1707 483 1767 desertus
527 1709 593 1766 in
625 1707 945 1769 Persidem
975 1707 1260 1768 secedens
1283 1752 1298 1780 ,
1345 1707 1779 1783 Artaphernis

84 1799 289 1854 Darii
332 1794 545 1856 fratris
589 1797 891 1856 auxilium
926 1796 1303 1878 imploravit.
1345 1796 1516 1866 Quae
1558 1818 1655 1855 res
1685 1817 1779 1856 se-

79 1899 226 1943 cuto
274 1883 439 1944 bello
487 1887 735 1945 Persico
760 1931 775 1959 ,
824 1899 894 1944 ut
932 1884 1047 1943 sub
1072 1887 1286 1942 Dario
1331 1885 1644 1959 Ilistccspe
1668 1907 1777 1944 ex-

79 1975 428 2055 posuimus,
466 1975 849 2033 occasionem
891 1971 1080 2033 dedit.
1125 1974 1191 2052 a)
1234 1970 1310 2028 ad
1357 1994 1589 2029 annum
1637 1988 1780 2033 ante

79 2057 184 2119 Ch.
225 2062 365 2120 514.
423 2062 561 2133 Quo
614 2064 678 2119 in
735 2060 900 2121 bello
947 2064 1344 2145 praecipuam
1391 2059 1653 2140 gloriam
1713 2065 1777 2121 in

85 2148 527 2210 secundissimo
576 2149 816 2233 praelio
862 2147 941 2208 ad
978 2171 1268 2232 campum
1331 2151 1812 2211 Marathonem·

80 2240 405 2297 commisso
452 2253 814 2298 consecutus
839 2253 929 2299 est
968 2240 1330 2311 Μίἰίίαίῖεε,
1377 2234 1550 2316 cujus
1589 2237 1779 2298 ductu

81 2324 155 2383 ad
180 2326 453 2408 reliquas
475 2329 659 2387 etiam
683 2326 835 2388 belli
857 2327 1081 2386 insulas
1099 2324 1557 2408 persequendas
1580 2325 1778 2387 Athe-

80 2417 320 2474 nienses
344 2418 830 2492 erantanimati3
879 2415 985 2476 sed
1025 2416 1133 2474 ubi
1154 2418 1209 2473 Is
1241 2414 1500 2473 insulam
1532 2418 1769 2474 Parum

80 2502 260 2585 longa
301 2505 487 2563 etiam
536 2504 860 2564 obsidione
921 2507 1039 2564 sibi
1094 2504 1503 2564 reluctantem
1556 2525 1778 2586 capere

81 2613 204 2650 non
230 2594 562 2676 potuisset,
611 2592 882 2675 indeque
916 2617 983 2653 re
1009 2593 1233 2654 insecta
1267 2591 1522 2650 domum
1556 2592 1775 2652 rediis-

79 2694 209 2754 set,
280 2682 514 2760 iniquis
573 2677 1051 2741 Atheniensium
1144 2682 1494 2760 suffragiis,
1557 2681 1795 2762 grandi

78 2791 218 2830 aere
256 2768 552 2829 multatus
598 2783 725 2844 est,
766 2772 865 2829 cui
910 2768 1207 2831 solvendo
1250 2769 1397 2828 dum
1443 2771 1643 2853 impar
1679 2792 1771 2830 es-

1599 2881 1693 2918 se-

151 3119 210 3192 a)
252 3120 489 3176 Thucid.
520 3121 587 3176 L.
627 3120 676 3174 6.
717 3141 765 3176 c·
811 3119 896 3176 59.
