2048 3786
291 197 412 256 172
745 187 750 191 ”
934 198 1348 255 Ilistorca

192 398 310 435 nus
359 389 568 437 tamen
606 390 748 458 post
786 390 1038 436 centum
1079 389 1142 436 et
1184 374 1461 458 amplius
1503 393 1697 434 annos
1723 418 1739 450 ,
1779 373 1917 431 Aa-

187 477 453 543 gzcstch,
501 464 676 524 velut
709 464 869 526 alter
911 463 1226 539 conditor,
1255 465 1484 525 urbem
1515 463 1909 536 instauravit,

195 577 357 637 quae
403 553 643 614 tardius
703 552 1033 614 Vandalici
1086 556 1265 637 regni
1304 551 1672 637 metropolis
1707 550 1917 611 denuo

195 643 385 721 facta,
432 667 623 726 quam
644 643 884 706 Arabes
927 643 1134 705 seculo
1174 645 1232 703 V
1238 644 1313 702 II.
1363 656 1653 715 exeunte,
1679 642 1916 721 Byzan-

197 734 347 792 tinis
365 747 667 817 ereptam,
696 756 911 794 rursus
934 736 1018 793 ita
1040 732 1395 811 diruerunt,
1427 746 1498 792 ut
1522 729 1708 792 hodie
1729 731 1919 790 etiam

195 821 534 883 ruderibus
558 823 1011 908 consepultam,
1048 825 1160 883 vix
1208 822 1360 884 olim
1383 818 1922 907 splendidissimae

193 911 373 971 urbis
405 910 908 995 Carthaginensis
943 928 1114 974 terra
1153 911 1343 975 fuisse
1390 923 1852 995 agnosceretur.

354 1001 403 1080 ᾗ.
450 1002 529 1061 V.
579 1003 773 1063 Artes
820 1017 882 1063 et
918 1005 1206 1065 scientias
1249 1005 1317 1061 in
1356 998 1745 1085 ³Carthagine
1801 994 1917 1056 flo-

197 1092 394 1150 ruisse
420 1136 436 1165 ,
481 1093 809 1175 sequentia
828 1106 1005 1153 certo
1039 1107 1186 1152 sunt
1219 1090 1633 1165 documentO,
1657 1091 1784 1148 uti:
1823 1083 1920 1146 fe-

195 1179 284 1238 lix
319 1194 382 1240 et
420 1181 542 1241 late
582 1196 952 1264 protensum
1005 1184 1289 1264 regimen
1315 1227 1331 1256 ,
1378 1179 1724 1239 multarum
1771 1197 1926 1259 pro-

198 1272 551 1330 vinciarum
584 1270 869 1331 subactio
895 1317 911 1344 ,
958 1269 1273 1353 Splendor
1310 1269 1488 1329 urbis
1519 1264 1926 1350 metropolis,

200 1358 429 1421 florens
474 1359 641 1445 apud
684 1382 788 1421 eos
839 1362 1349 1435 commercium,
1403 1358 1779 1440 culturaque
1827 1376 1930 1413 ar-

205 1452 380 1510 tium.
430 1465 546 1511 ete.

682 1676 755 1767 C
799 1711 849 1764 a
886 1673 1054 1801 p'u
1095 1694 1135 1760 t
1204 1670 1458 1766 VIII.

540 1887 951 1951 HISTORIA
1024 1884 1582 1947 SCYTHARUM.

204 2116 249 2195 §.
287 2119 336 2176 l.
389 2067 719 2193 Scythae,
795 2107 1040 2167 vicinas
1090 2100 1308 2169 Indiae
1372 2103 1661 2184 regiones
1732 2126 1932 2188 usque

203 2204 739 2288 septemtrionem,
778 2219 848 2257 ac
894 2196 1071 2254 littus
1118 2189 1516 2274 Scythicum,
1564 2196 1683 2254 nisi
1717 2194 1936 2256 undea

203 2292 550 2378 frigoribus
584 2289 964 2349 arcebantur
987 2332 1002 2360 ,
1052 2284 1120 2362 a)
1162 2280 1240 2341 ad
1277 2283 1573 2363 Caspium
1607 2306 1807 2368 usque
1847 2285 1931 2345 si-

204 2407 358 2445 num
390 2378 811 2467 possidebant.
856 2377 1023 2435 Hinc
1070 2370 1309 2454 duplex
1344 2368 1598 2452 Scythia
1644 2388 1736 2434 est
1781 2396 1934 2435 con-

205 2471 534 2535 sideranda
552 2518 567 2547 ,
603 2470 929 2553 Europaea
958 2484 1184 2546 nempe
1208 2475 1270 2521 et
1293 2459 1583 2539 Asiatica,
1604 2464 1930 2548 Europaea

207 2562 552 2626 secundum
582 2561 806 2619 Tanais
828 2559 1032 2640 ripam
1052 2567 1115 2613 et
1153 2550 1471 2627 Meotidis,
1520 2555 1673 2614 item
1697 2554 1930 2614 Euxini

205 2654 379 2714 littus
401 2701 415 2728 ,
436 2673 635 2735 usque
666 2648 941 2711 Danubii
963 2645 1195 2705 ostium
1232 2639 1725 2723 producebatur.
1751 2641 1932 2703 Asia-

207 2748 328 2805 tica
376 2763 530 2804 vero
575 2738 825 2822 Scythia
878 2762 911 2796 a
942 2730 1251 2794 limitibus
1290 2734 1726 2815 oppositorum
1761 2732 1934 2794 litto-

206 2857 351 2895 rum
386 2837 451 2893 in
493 2832 823 2892 Orientem
868 2823 1228 2912 procurrit,
1272 2834 1335 2880 et
1388 2844 1421 2879 a
1464 2822 1936 2906 Septemtrione

1652 2915 1847 2974 Ocea-

280 3112 715 3239 (1)P·omliou⁴ilus
762 3114 922 3168 Mela.
970 3115 1038 3169 L.
1096 3114 1140 3174 1.
1197 3136 1256 3190 Ρ.
1307 3113 1391 3169 11.
1449 3111 1639 3162 Latere
1706 3104 1758 3157 b.
1811 3102 1928 3154 Pli-

373 3204 492 3238 nius
579 3225 592 3238 .
668 3224 678 3235 .
