2048 3786
534 162 1202 236 Spartanorum.
1542 158 1663 217 525

59 340 138 400 ab
171 341 385 399 uxoris
420 339 675 399 nomine
722 340 995 416 Sparten
1033 338 1386 422 appellavit.
1453 339 1642 422 Cujus
1688 338 1744 398 fi-

57 429 179 488 lius
218 431 522 504 Amyclas
566 429 730 510 patri
779 425 1146 501 succedenS,
1192 427 1401 511 plures
1459 429 1523 485 in
1564 429 1765 487 Laco-.

55 520 159 577 nia
194 517 381 577 urbes
427 515 725 576 condidit.
776 517 869 575 Ex
911 514 1085 598 cujus
1128 515 1361 574 familia
1406 514 1482 573 ad
1531 536 1762 572 annum

56 607 140 666 M.
192 607 381 666 2901.
430 607 719 688 regnavit
772 608 1058 681 Oreste33
1103 608 1204 663 cui
1262 605 1551 663 successit
1602 601 1763 660 filius

64 695 459 755 Tissccmemcs
478 739 492 767 ,
513 716 638 776 quo
663 706 962 775 regnante
982 692 1348 753 Heraclidae
1372 694 1435 750 in
1455 689 1764 773 Pelopon-

51 803 271 841 nesum
309 781 694 843 rediverunt.
732 783 852 840 Hic
871 796 1203 864 postquam
1240 784 1697 851 Aristodemus,
1723 800 1758 835 a

64 873 381 928 Tisameni
433 870 827 931 consobrinis
867 869 1083 930 fuisset
1143 874 1542 942 interemtuS,
1613 887 1762 924 mox

52 958 177 1016 duo
207 962 598 1017 slristodemi
640 957 754 1017 filii
789 961 1042 1017 Procles
1077 974 1140 1019 et
1186 951 1623 1036 Eurysthenes
1639 954 1761 1013 La-

51 1050 295 1106 coniam
327 1049 778 1124 obtinuerunt3
835 1051 945 1130 qui
994 1050 1228 1129 gemini
1272 1050 1380 1108 etsi
1427 1045 1755 1106 voluntate

52 1151 252 1197 essent
290 1135 686 1212 dissidenteS,
725 1150 931 1196 tamen
969 1137 1358 1219 approbante
1379 1132 1651 1195 Oraculo
1674 1133 1759 1191 si-

50 1224 183 1282 mul
221 1242 596 1307 regnarunt:
639 1249 675 1284 a
730 1225 961 1308 quibus
1008 1224 1154 1285 dein
1203 1225 1368 1309 apud
1418 1224 1755 1309 Spartanos

51 1312 211 1373 duae
244 1315 478 1395 Regiae
522 1313 788 1374 familiae
826 1328 971 1373 sunt
1024 1329 1291 1374 exortae.
1357 1314 1422 1394 a)
1484 1313 1759 1371 Lacones

49 1416 230 1461 erant
267 1403 411 1463 inde
447 1403 524 1462 ab
561 1406 742 1462 initio
774 1403 1085 1477 bellicosi,
1120 1406 1228 1485 qui
1280 1400 1354 1460 ad
1395 1401 1583 1460 tibiae
1612 1420 1757 1457 can-

50 1505 185 1549 tum
218 1514 498 1574 pugnare
546 1492 904 1552 didicerunt
960 1494 1020 1572 b)
1058 1492 1137 1549 ab
1190 1488 1581 1564 Heraclidis,
1638 1488 1749 1570 qui

50 1578 200 1637 dum
244 1580 534 1664 Spartam
582 1580 1104 1664 ingrederentur,
1177 1577 1626 1664 praeeuntibus
1674 1578 1754 1635 ti-

51 1668 365 1729 bicinibus
404 1673 738 1731 victoriam
787 1670 1216 1730 obtinuerunt.
1267 1671 1325 1749 c)
1356 1669 1621 1742 Interim
1658 1679 1755 1723 to-

50 1772 112 1814 ta
153 1758 430 1841 Historia
463 1760 936 1844 Spartanorum,
977 1761 1222 1841 optime
1259 1760 1322 1816 in
1344 1772 1616 1839 quatuor
1649 1776 1756 1837 pe—

53 1845 262 1906 riodos
300 1848 637 1908 dividitur:
677 1869 904 1930 nempe
931 1851 1028 1906 [a
1068 1849 1320 1924 Lelegia
1354 1860 1638 1928 tempore
1657 1864 1755 1899 us-

52 1956 176 2016 que
215 1936 291 1994 ad
327 1940 619 2016 Lycurgi
651 1936 1117 2019 legislationem.
1169 1936 1248 1993 ΙΙ.
1285 1934 1364 1992 ab
1416 1934 1754 1992 institutio—

49 2045 128 2082 ne
159 2027 451 2104 Lycurgi
471 2072 487 2101 ,
524 2049 720 2108 usque
759 2024 834 2082 ad
878 2048 1013 2085 eam
1041 2027 1418 2106 potentiam,
1464 2021 1537 2080 ad
1566 2042 1752 2102 quam

50 2110 228 2172 bellis
274 2130 705 2196 pervenerunt
724 2161 739 2188 ,
758 2135 999 2197 nempe:
1026 2113 1140 2174 III.
1167 2125 1357 2197 prout
1385 2134 1605 2193 magna
1625 2112 1755 2168 vir-

49 2214 182 2261 tute
226 2204 560 2265 Messenios
590 2253 604 2279 ,
654 2206 904 2278 Persas,
953 2216 1014 2262 et
1045 2198 1458 2262 Athenienses
1504 2200 1753 2260 device—

47 2305 212 2350 runt.
262 2293 367 2350 IV.
411 2295 608 2354 Prout
636 2297 766 2377 ipsa
792 2293 1015 2374 Sparta
1053 2289 1439 2350 dominatum
1471 2291 1753 2346 amittens

49 2380 410 2440 succubuit:
445 2381 849 2465 subjectaque
878 2379 1000 2439 fuit
1042 2376 1391 2451 Thebanis,
1436 2378 1577 2438 dein
1615 2377 1750 2435 Ma-

48 2467 387 2528 cedonibus
422 2516 438 2544 ,
521 2474 671 2532 item
745 2473 910 2530 inter
972 2483 1238 2528 suasmet
1310 2466 1751 2537 dissensioneS,

48 2554 310 2617 Achaeis
337 2605 352 2632 ,
400 2558 651 2621 demum
687 2560 985 2618 Romanis
1025 2557 1102 2616 ab
1119 2580 1283 2617 anno
1318 2571 1460 2618 ante
1481 2554 1585 2615 Ch.
1612 2555 1749 2618 192⁷.

51 2666 250 2728 usque
294 2650 433 2709 146.
1575 2733 1622 2792 E

1629 2747 1652 2791 t

119 3029 178 3104 a)
218 3032 370 3084 Paus.
408 3032 476 3088 L.
514 3031 564 3088 3.
606 3053 649 3086 c.
687 3033 736 3087 1.
779 3034 1033 3106 Apollod.
1063 3054 1118 3104 p.
1157 3033 1276 3090 156.
1315 3033 1367 3104 b)
1400 3035 1554 3088 Paus.
1598 3031 1657 3088 L.
1697 3034 1744 3089 3.

210 3121 252 3154 c,
286 3100 367 3156 17.
403 3102 454 3174 (·)
488 3104 646 3157 Sims.
684 3106 749 3156 ad
796 3108 862 3160 A.
899 3106 973 3158 Μ.
1014 3104 1175 3160 2901.
