2048 3786
382 154 507 213 222
952 163 1370 225 Historia

283 329 613 402 hominum
638 344 706 426 a)
731 349 1037 412 exstitisse
1059 348 1493 437 perhibentur.
1520 350 1647 425 Qui
1668 369 2004 437 apparatus

280 422 429 489 licet
455 434 782 512 mirabilis,
822 436 978 500 illud
995 455 1204 502 tamen
1220 439 1420 501 multo
1447 441 1805 503 mirabilius
1831 462 2002 527 erat3

279 517 454 599 quod
476 534 721 585 tantum
737 526 996 608 bellum,
1013 545 1188 592 tanto
1210 546 1514 614 tempore,
1527 535 1842 616 tantisque
1866 539 2004 620 opi-·

279 604 397 668 bus
428 628 750 695 paratum,
784 631 847 678 et
884 634 1054 682 tanta
1090 624 1155 682 vi
1182 621 1456 698 illatum3
1497 622 1820 705 insperato
1862 639 2000 685 tan-

278 693 425 758 dem
470 723 539 762 ac
564 703 802 766 infelici
826 730 1108 773 successu
1144 711 1341 772 fuerit
1372 709 1662 771 solutum.
1715 711 1876 773 Rem
1902 728 2000 776 to-

273 798 403 848 tam
448 793 817 855 Herodotus
852 801 914 881 b)
961 815 1024 862 et
1045 801 1146 861 alii
1172 804 1258 862 sic
1275 800 1782 882 descripserunt:
1821 803 1995 885 quod

268 897 500 963 nempe
539 885 782 944 Xerxes
807 911 842 946 a
866 893 1078 971 paucis
1105 891 1360 953 Graecis
1397 910 1526 949 non
1560 890 1754 952 semel
1788 894 1993 954 victus

268 986 342 1024 ac
383 969 754 1056 profligatus
775 1022 792 1052 ,
822 976 1188 1065 frustraque
1216 981 1658 1063 quinquennio
1692 983 1757 1039 in
1792 980 1992 1046 Grae-

263 1055 361 1113 cia
398 1075 637 1138 exact0‚
684 1067 960 1126 maxima
991 1091 1135 1130 cum
1179 1071 1527 1153 ignominia
1560 1071 1626 1127 in
1665 1070 1991 1133 Persidem

263 1142 480 1209 redire
539 1148 735 1213 fuerit
781 1159 1153 1241 compulsus.
1241 1160 1561 1217 Leonidas
1617 1161 1788 1219 enim
1833 1182 1982 1223 cum

266 1240 565 1299 tercentis
612 1241 938 1325 Spartanis
957 1293 973 1322 ,
1005 1263 1069 1308 et
1105 1249 1373 1309 aliorum
1404 1246 1796 1307 Graecorum
1829 1272 1988 1333 qua-

261 1334 411 1385 tuor
449 1329 748 1409 millibus,
770 1331 847 1392 ad
875 1338 1334 1416 Thermopylas
1368 1337 1702 1395 maximam
1737 1340 1793 1398 ei
1814 1339 1987 1400 intu-

251 1408 333 1472 lit
387 1415 645 1481 cladem.
694 1426 942 1486 Interea
979 1424 1394 1490 Athenienses
1418 1425 1577 1486 duce
1625 1429 1981 1489 Themisto-

249 1505 362 1578 cle,
408 1527 491 1585 se,
509 1530 743 1595 suaque
760 1517 970 1577 omnia
988 1519 1053 1576 in
1073 1540 1262 1579 naves
1292 1518 1702 1600 imponenteS‚
1750 1517 1974 1580 relicta

246 1592 433 1672 urbe,
470 1597 726 1662 classem
779 1608 923 1667 200.
965 1609 1225 1668 navium
1262 1605 1378 1667 soli
1401 1604 1725 1666 adornant.
1796 1609 1972 1668 Xer-

242 1702 353 1742 xes
394 1687 591 1769 igitur
636 1689 914 1755 Athenas
967 1718 1191 1758 vacuas
1250 1692 1767 1780 deprehendens,
1814 1719 1967 1761 mox

244 1792 390 1834 cum
422 1776 637 1842 forore
678 1782 979 1863 incendit,
1023 1802 1085 1849 et
1112 1784 1562 1848 Bibliothecam
1604 1789 1965 1868 asportavit.

242 1860 488 1927 Verum
537 1870 603 1929 in
668 1873 898 1936 itinere
979 1879 1411 1936 Themistoclis
1473 1870 1965 1938 Atheniensium

245 1949 421 2014 ducis
444 1958 708 2021 consilio
741 1985 811 2022 ac
834 1963 1112 2042 Virtute,
1153 1965 1230 2025 ad
1266 1964 1531 2025 insulam
1566 1966 1959 2026 Salaminem

236 2042 444 2104 navali
476 2048 720 2131 praelio
753 2054 956 2114 victus
977 2101 994 2131 ,
1041 2054 1419 2139 fugatusque
1444 2054 1725 2114 discessit
1769 2078 1819 2113 a.
1844 2079 1962 2116 an-
2047 2117 2048 2155 ἢ

234 2143 298 2192 te
347 2131 460 2195 Ch.
514 2138 659 2200 480.
705 2138 896 2204 Anno
935 2159 1144 2206 autem
1189 2147 1559 2228 insequente
1605 2144 1738 2226 ipse
1764 2147 1962 2204 Mar-

235 2223 458 2295 donius
499 2247 643 2287 cum
692 2231 836 2292 500.
891 2234 1172 2294 millibus
1226 2237 1293 2294 in
1345 2235 1606 2294 Graecia
1652 2232 1950 2314 relictus,
2045 2159 2048 2315 Ι

233 2310 293 2392 c)
341 2335 377 2372 a
406 2316 737 2379 Pausania
770 2321 1301 2402 Lacedaemonio,
1337 2338 1401 2386 et
1429 2325 1720 2382 Aristide
1746 2321 1950 2387 Athe-
2044 2317 2048 2423 Ι

1744 2415 1855 2473 ni-
2044 2425 2047 2448 ¹

296 2571 357 2636 a)
397 2574 677 2631 Plutarch.
727 2578 786 2632 in
824 2580 1054 2646 Paralel.
1098 2601 1153 2654 p.
1204 2581 1324 2636 305.
1374 2581 1644 2635 Herodot.
1695 2575 1758 2630 L.
1802 2577 1850 2661 7..
1898 2603 1946 2638 e.

385 2643 505 2699 187.
559 2648 695 2703 dicit
739 2652 1156 2724 quinquagesies
1211 2666 1265 2707 et
1295 2655 1614 2732 bisccntena
1658 2657 1943 2719 octogmta
2040 2708 2042 2718 .

383 2717 490 2768 tria
522 2721 714 2775 millia.
763 2725 1015 2778 Justinus
1063 2727 1124 2778 L.
1170 2725 1227 2782 2.
1277 2747 1319 2778 c.
1365 2726 1444 2780 10.
1496 2727 1674 2798 decies
1716 2732 1940 2779 centena
2038 2721 2043 2795 1

378 2788 570 2844 millia.
604 2823 675 2832 —
705 2795 922 2849 Naviun
956 2815 1089 2850 vero
1149 2796 1306 2852 1200.
1359 2798 1497 2849 dicit
1531 2799 1746 2869 Lysms.
1779 2794 1933 2876 Ol'ass·
1995 2802 1998 2803 γ
2038 2808 2041 2852 ¹

376 2860 463 2911 51.
497 2861 528 2929 §
586 2862 638 2920 9.
711 2864 766 2938 b)
808 2868 870 2923 L.
922 2867 970 2921 7.
1013 2879 1066 2919 et
1102 2866 1153 2921 8·
1190 2869 1401 2921 Cornel.
1440 2871 1583 2939 Nep.
1620 2879 1676 2911 ΠΙ
1699 2860 1936 2920 ΤῙῙΘΠΜ·

376 2931 559 2990 stoch.
594 2954 637 2988 c.
671 2935 725 2992 2.
761 2934 810 2990 3.
840 2957 958 3011 seq.
996 2940 1224 2992 Diodor.
1275 2940 1444 2992 Sicul.
1480 2940 1550 2996 L.
1592 2928 1674 2991 11·
1708 2950 1763 3002 P·
1802 2935 1926 2993 250·
2036 2953 2039 3022 f

378 3018 532 3073 seqq.
569 3006 767 3061 Justin.
784 3009 844 3061 L.
872 3009 920 3062 4.
943 3030 988 3066 o.
1016 3011 1068 3064 2.
1178 3008 1230 3083 e)
1270 3011 1549 3065 Herodor.
1583 3011 1646 3068 L.
1680 3015 1731 3068 9·
1767 3027 1811 3063 C·
1844 3008 1929 3064 53·

373 3076 791 3204 secJffi.Diodtor.I
808 3079 1160 3140 &cutm-11.
1205 3100 1267 3155 Ρ.
1306 3081 1432 3143 256.
1469 3100 1621 3159 seqq.
1649 3085 1929 3140 PlUtstl'ch·

367 3160 430 3196 m
516 3163 676 3206 'lemis
707 3168 768 3204 oc
793 3169 837 3204 e.
