2048 3786
58 1192 571 1262 Historia-am
609 1186 763 1261 hoc
818 1185 1107 1257 titulo:
1162 1185 1538 1258 Historia
1590 1181 1785 1250 Uni-

58 1291 390 1362 versalis
450 1291 865 1362 Gentium.
911 1285 1332 1358 Statistieo
1359 1327 1380 1337 ·
1422 1284 1783 1378 Geogra-

55 1390 727 1487 phico-Politico
790 1388 1118 1463 Critica,
1175 1390 1603 1456 continens
1657 1406 1786 1450 res

64 1490 354 1562 Sacras
389 1507 476 1562 et
510 1491 822 1565 Civiles,
851 1487 1039 1557 inde
1081 1512 1131 1554 a
1168 1485 1517 1555 Condito
1542 1483 1784 1551 Man·

71 1591 174 1662 clo
204 1644 229 1668 ,
286 1589 400 1660 ad
442 1607 813 1661 nostram
849 1610 1102 1684 usque
1135 1600 1538 1667 aetatem,
1592 1606 1790 1652 con-

38 1694 449 1789 fecissem
467 1719 496 1773 ,·
550 1715 718 1761 non
751 1685 1289 1759 dubitandam
1323 1684 1527 1756 mihi
1550 1695 1785 1778 puta-

63 1796 181 1860 vi:
253 1789 406 1859 Cui
454 1790 546 1861 id
564 1794 1087 1882 potissimam
1131 1787 1598 1860 inscribere,
1647 1780 1782 1851 Sa-

65 1893 775 1989 cramqaefacere
819 1888 1214 1959 debeam?
1244 1888 1520 1984 facile
1558 1887 1780 1954 enim

65 1990 515 2085 apparebat
555 1993 664 2060 Ei
689 1996 963 2084 primo
1031 1986 1349 2062 deberi,
1408 1990 1545 2058 cai
1588 2001 1789 2055 tam-

68 2114 312 2186 quam
382 2090 717 2163 Summo
789 2090 1173 2168 Rectori‚
1268 2102 1354 2156 et
1421 2085 1789 2158 Patrono

65 2192 947 2287 Magnificentissimo,
1002 2185 1312 2258 dadam
1343 2201 1581 2257 actae
1603 2190 1787 2280 jam

66 2293 284 2358 vitae
314 2347 337 2369 ,
376 2308 823 2389 gratanter
876 2313 1066 2360 vero
1103 2288 1471 2383 fittztrae
1552 2308 1787 2356 meae

41 2391 462 2486 fortunae
522 2397 939 2463 rationem
992 2388 1269 2459 debeO.
1327 2389 1591 2481 Hujus
1633 2389 1778 2484 igi-

69 2504 207 2559 tar
273 2491 696 2566 Historiae
782 2488 1273 2561 Universalis
1362 2487 1795 2557 Primieias

70 2591 444 2662 Excelsis
561 2587 1391 2663 CELSITUDINIS
1488 2586 1807 2657 TUAE

72 2689 544 2772 honoribus,
571 2693 1152 2792 benignissimo
1190 2690 1510 2759 Favore
1530 2713 1625 2755 ac
1659 2688 1791 2756 In-

75 2790 336 2867 a'zilta³
360 2790 824 2863 clientelari
845 2817 1032 2864 cam
1059 2789 1594 2859 submissione
1612 2811 1794 2858 con-

75 2892 357 2960 secro!
441 2890 606 2990 Qui
654 2892 937 2967 simul,
993 2890 1273 2959 Deam
1343 2891 1503 2957 Ter
1578 2886 1793 2980 Opti-

74 3014 301 3059 mam
352 2991 827 3061 Maximam
872 2990 1215 3083 supplex
1259 3012 1647 3057 veneror:
1705 3002 1805 3055 at

85 3091 236 3158 TE
283 3089 954 3166 CELSISSIME
993 3084 1603 3158 PRINCEPS!
1643 3085 1800 3256 ldia

1551 3211 1638 3256 sa
1675 3230 1697 3239 -
