<?xml version="1.0" encoding="UTF-8"?>
<!DOCTYPE html PUBLIC "-//W3C//DTD XHTML 1.0 Transitional//EN"
    "http://www.w3.org/TR/xhtml1/DTD/xhtml1-transitional.dtd">
<html xmlns="http://www.w3.org/1999/xhtml" xml:lang="en" lang="en">
 <head>
  <title>
</title>
<meta http-equiv="Content-Type" content="text/html;charset=utf-8" />
  <meta name='ocr-system' content='tesseract 3.04.00' />
  <meta name='ocr-capabilities' content='ocr_page ocr_carea ocr_par ocr_line ocrx_word'/>
</head>
<body>
  <div class='ocr_page' id='page_1' title='image "./historiauniversa01nagy_0085.png"; bbox 0 0 2048 3786; ppageno 0'>
   <div class='ocr_carea' id='block_1_1' title="bbox 584 184 1645 248">
    <p class='ocr_par' dir='ltr' id='par_1_1' title="bbox 584 184 1645 248">
     <span class='ocr_line' id='line_1_1' title="bbox 584 184 1645 248; baseline -0.008 0"><span class='ocrx_word' id='word_1_1' title='bbox 584 191 1168 248; x_wconf 75' lang='lat' dir='ltr'>Hebraeorum.</span> <span class='ocrx_word' id='word_1_2' title='bbox 1568 184 1645 239; x_wconf 78' lang='lat'>55</span> 
     </span>
    </p>
   </div>
   <div class='ocr_carea' id='block_1_2' title="bbox 55 363 1798 3009">
    <p class='ocr_par' dir='ltr' id='par_1_2' title="bbox 55 363 1798 3009">
     <span class='ocr_line' id='line_1_2' title="bbox 56 363 1756 458; baseline -0.009 -24"><span class='ocrx_word' id='word_1_3' title='bbox 56 376 276 458; x_wconf 88' lang='lat' dir='ltr'>impios</span> <span class='ocrx_word' id='word_1_4' title='bbox 321 374 540 435; x_wconf 69' lang='lat' dir='ltr'>Cluenti</span> <span class='ocrx_word' id='word_1_5' title='bbox 580 382 857 453; x_wconf 87' lang='lat' dir='ltr'>posteros</span> <span class='ocrx_word' id='word_1_6' title='bbox 900 367 1322 448; x_wconf 81' lang='lat' dir='ltr'><strong>cognitionem</strong></span> <span class='ocrx_word' id='word_1_7' title='bbox 1360 363 1471 420; x_wconf 91' lang='lat' dir='ltr'>Dei</span> <span class='ocrx_word' id='word_1_8' title='bbox 1496 365 1756 421; x_wconf 85' lang='lat' dir='ltr'>resusci-</span> 
     </span>
     <span class='ocr_line' id='line_1_3' title="bbox 55 448 1759 535; baseline -0.009 -13"><span class='ocrx_word' id='word_1_9' title='bbox 55 477 246 535; x_wconf 76' lang='lat' dir='ltr'>taret,</span> <span class='ocrx_word' id='word_1_10' title='bbox 314 476 375 520; x_wconf 91' lang='lat' dir='ltr'>et</span> <span class='ocrx_word' id='word_1_11' title='bbox 410 461 667 519; x_wconf 85' lang='lat' dir='ltr'>Messiae</span> <span class='ocrx_word' id='word_1_12' title='bbox 700 455 1039 515; x_wconf 80' lang='lat' dir='ltr'>&#39;adventum</span> <span class='ocrx_word' id='word_1_13' title='bbox 1104 451 1331 510; x_wconf 87' lang='lat' dir='ltr'>clarius</span> <span class='ocrx_word' id='word_1_14' title='bbox 1381 448 1759 507; x_wconf 81' lang='lat' dir='ltr'>distinctius-</span> 
     </span>
     <span class='ocr_line' id='line_1_4' title="bbox 56 538 1757 632; baseline -0.009 -24"><span class='ocrx_word' id='word_1_15' title='bbox 56 573 180 632; x_wconf 85' lang='lat' dir='ltr'>que</span> <span class='ocrx_word' id='word_1_16' title='bbox 238 549 752 630; x_wconf 79' lang='lat' dir='ltr'>praenunoiaret3</span> <span class='ocrx_word' id='word_1_17' title='bbox 822 564 1018 625; x_wconf 84' lang='lat' dir='ltr'>quare</span> <span class='ocrx_word' id='word_1_18' title='bbox 1065 539 1292 599; x_wconf 78' lang='lat' dir='ltr'><strong>diserte</strong></span> <span class='ocrx_word' id='word_1_19' title='bbox 1356 540 1413 598; x_wconf 89' lang='lat' dir='ltr'>ei</span> <span class='ocrx_word' id='word_1_20' title='bbox 1467 538 1757 619; x_wconf 80' lang='lat' dir='ltr'>promisit</span> 
     </span>
     <span class='ocr_line' id='line_1_5' title="bbox 58 625 1760 716; baseline -0.009 -18"><span class='ocrx_word' id='word_1_21' title='bbox 58 640 225 698; x_wconf 88' lang='lat' dir='ltr'>Deus</span> <span class='ocrx_word' id='word_1_22' title='bbox 253 682 268 711; x_wconf 82' lang='lat'>,</span> <span class='ocrx_word' id='word_1_23' title='bbox 315 650 384 695; x_wconf 94' lang='lat' dir='ltr'>ut</span> <span class='ocrx_word' id='word_1_24' title='bbox 416 658 492 696; x_wconf 76' lang='lat' dir='ltr'>ex</span> <span class='ocrx_word' id='word_1_25' title='bbox 526 633 654 716; x_wconf 83' lang='lat' dir='ltr'>ejus</span> <span class='ocrx_word' id='word_1_26' title='bbox 693 633 958 705; x_wconf 80' lang='lat' dir='ltr'>semine,</span> <span class='ocrx_word' id='word_1_27' title='bbox 1006 631 1321 712; x_wconf 86' lang='lat' dir='ltr'>ipsiusque</span> <span class='ocrx_word' id='word_1_28' title='bbox 1352 625 1581 683; x_wconf 91' lang='lat' dir='ltr'>lumbis</span> <span class='ocrx_word' id='word_1_29' title='bbox 1612 646 1760 706; x_wconf 87' lang='lat' dir='ltr'>pro—</span> 
     </span>
     <span class='ocr_line' id='line_1_6' title="bbox 62 711 1762 804; baseline -0.01 -20"><span class='ocrx_word' id='word_1_30' title='bbox 62 728 308 785; x_wconf 90' lang='lat' dir='ltr'>veniret</span> <span class='ocrx_word' id='word_1_31' title='bbox 345 745 457 782; x_wconf 90' lang='lat' dir='ltr'>suo</span> <span class='ocrx_word' id='word_1_32' title='bbox 501 736 781 804; x_wconf 87' lang='lat' dir='ltr'>tempore</span> <span class='ocrx_word' id='word_1_33' title='bbox 814 717 1103 779; x_wconf 85' lang='lat' dir='ltr'>omnibus</span> <span class='ocrx_word' id='word_1_34' title='bbox 1126 713 1374 799; x_wconf 80' lang='lat' dir='ltr'>populis</span> <span class='ocrx_word' id='word_1_35' title='bbox 1409 711 1603 771; x_wconf 87' lang='lat' dir='ltr'>Salus.</span> <span class='ocrx_word' id='word_1_36' title='bbox 1622 712 1762 782; x_wconf 88' lang='lat' dir='ltr'>Quo</span> 
     </span>
     <span class='ocr_line' id='line_1_7' title="bbox 59 797 1764 884; baseline -0.011 -12"><span class='ocrx_word' id='word_1_37' title='bbox 59 811 312 872; x_wconf 83' lang='lat' dir='ltr'>oraculo</span> <span class='ocrx_word' id='word_1_38' title='bbox 342 809 535 869; x_wconf 88' lang='lat' dir='ltr'>fretus</span> <span class='ocrx_word' id='word_1_39' title='bbox 554 810 966 868; x_wconf 73' lang='lat' dir='ltr'>Abs-ahamin</span> <span class='ocrx_word' id='word_1_40' title='bbox 990 804 1396 864; x_wconf 84' lang='lat' dir='ltr'>Palaestinam</span> <span class='ocrx_word' id='word_1_41' title='bbox 1424 797 1764 884; x_wconf 84' lang='lat' dir='ltr'>proficisci-</span> 
     </span>
     <span class='ocr_line' id='line_1_8' title="bbox 65 887 1768 981; baseline -0.009 -22"><span class='ocrx_word' id='word_1_42' title='bbox 65 914 202 975; x_wconf 85' lang='lat' dir='ltr'>tur,</span> <span class='ocrx_word' id='word_1_43' title='bbox 247 919 314 960; x_wconf 79' lang='lat' dir='ltr'>ac</span> <span class='ocrx_word' id='word_1_44' title='bbox 356 919 555 981; x_wconf 80' lang='lat' dir='ltr'>prope</span> <span class='ocrx_word' id='word_1_45' title='bbox 600 894 844 956; x_wconf 88' lang='lat' dir='ltr'>Sichem</span> <span class='ocrx_word' id='word_1_46' title='bbox 869 915 1034 955; x_wconf 85' lang='lat' dir='ltr'>novo</span> <span class='ocrx_word' id='word_1_47' title='bbox 1070 893 1186 952; x_wconf 91' lang='lat' dir='ltr'>Dei</span> <span class='ocrx_word' id='word_1_48' title='bbox 1210 890 1526 972; x_wconf 86' lang='lat' dir='ltr'>colloquio</span> <span class='ocrx_word' id='word_1_49' title='bbox 1559 887 1768 947; x_wconf 87' lang='lat' dir='ltr'>firma-</span> 
     </span>
     <span class='ocr_line' id='line_1_9' title="bbox 60 977 1766 1066; baseline -0.008 -20"><span class='ocrx_word' id='word_1_50' title='bbox 60 1002 166 1051; x_wconf 88' lang='lat' dir='ltr'>tur</span> <span class='ocrx_word' id='word_1_51' title='bbox 203 984 281 1048; x_wconf 89' lang='lat' dir='ltr'>de</span> <span class='ocrx_word' id='word_1_52' title='bbox 317 988 504 1047; x_wconf 89' lang='lat' dir='ltr'>totius</span> <span class='ocrx_word' id='word_1_53' title='bbox 527 984 900 1049; x_wconf 73' lang='lat' dir='ltr'>Palaestinae</span> <span class='ocrx_word' id='word_1_54' title='bbox 925 982 1307 1066; x_wconf 86' lang='lat' dir='ltr'>possessione</span> <span class='ocrx_word' id='word_1_55' title='bbox 1342 980 1465 1038; x_wconf 90' lang='lat' dir='ltr'>suis</span> <span class='ocrx_word' id='word_1_56' title='bbox 1505 977 1766 1060; x_wconf 84' lang='lat' dir='ltr'>posteris</span> 
     </span>
     <span class='ocr_line' id='line_1_10' title="bbox 59 1067 1768 1156; baseline -0.008 -19"><span class='ocrx_word' id='word_1_57' title='bbox 59 1072 380 1150; x_wconf 84' lang='lat' dir='ltr'>donanda;</span> <span class='ocrx_word' id='word_1_58' title='bbox 427 1097 550 1156; x_wconf 85' lang='lat' dir='ltr'>qua</span> <span class='ocrx_word' id='word_1_59' title='bbox 597 1076 733 1134; x_wconf 83' lang='lat' dir='ltr'>vice</span> <span class='ocrx_word' id='word_1_60' title='bbox 788 1086 1101 1154; x_wconf 80' lang='lat' dir='ltr'>acceptam</span> <span class='ocrx_word' id='word_1_61' title='bbox 1162 1067 1239 1129; x_wconf 89' lang='lat' dir='ltr'>de</span> <span class='ocrx_word' id='word_1_62' title='bbox 1281 1067 1768 1128; x_wconf 86' lang='lat' dir='ltr'>Circumcisione</span> 
     </span>
     <span class='ocr_line' id='line_1_11' title="bbox 61 1158 1771 1245; baseline -0.007 -23"><span class='ocrx_word' id='word_1_63' title='bbox 61 1164 261 1245; x_wconf 80' lang='lat' dir='ltr'>legem</span> <span class='ocrx_word' id='word_1_64' title='bbox 287 1208 303 1238; x_wconf 86' lang='lat'>‚</span> <span class='ocrx_word' id='word_1_65' title='bbox 349 1164 473 1225; x_wconf 88' lang='lat' dir='ltr'>suis</span> <span class='ocrx_word' id='word_1_66' title='bbox 511 1161 761 1245; x_wconf 88' lang='lat' dir='ltr'>populis</span> <span class='ocrx_word' id='word_1_67' title='bbox 803 1160 1053 1220; x_wconf 85' lang='lat' dir='ltr'>volente</span> <span class='ocrx_word' id='word_1_68' title='bbox 1085 1159 1315 1218; x_wconf 86' lang='lat' dir='ltr'>Divina</span> <span class='ocrx_word' id='word_1_69' title='bbox 1355 1158 1593 1214; x_wconf 84' lang='lat' dir='ltr'>virtute</span> <span class='ocrx_word' id='word_1_70' title='bbox 1637 1175 1771 1210; x_wconf 89' lang='lat' dir='ltr'>ma-</span> 
     </span>
     <span class='ocr_line' id='line_1_12' title="bbox 62 1243 1774 1335; baseline -0.008 -24"><span class='ocrx_word' id='word_1_71' title='bbox 62 1250 400 1326; x_wconf 80' lang='lat' dir='ltr'>nifestavit,</span> <span class='ocrx_word' id='word_1_72' title='bbox 442 1251 909 1335; x_wconf 84' lang='lat' dir='ltr'>collapsumque</span> <span class='ocrx_word' id='word_1_73' title='bbox 948 1248 1237 1309; x_wconf 89' lang='lat' dir='ltr'>Numinis</span> <span class='ocrx_word' id='word_1_74' title='bbox 1260 1244 1498 1305; x_wconf 90' lang='lat' dir='ltr'>cultum</span> <span class='ocrx_word' id='word_1_75' title='bbox 1537 1243 1774 1300; x_wconf 86' lang='lat' dir='ltr'>instau-</span> 
     </span>
     <span class='ocr_line' id='line_1_13' title="bbox 65 1328 1776 1422; baseline -0.007 -23"><span class='ocrx_word' id='word_1_76' title='bbox 65 1341 272 1417; x_wconf 82' lang='lat' dir='ltr'>ravit3</span> <span class='ocrx_word' id='word_1_77' title='bbox 317 1360 387 1398; x_wconf 90' lang='lat' dir='ltr'>ac</span> <span class='ocrx_word' id='word_1_78' title='bbox 427 1342 615 1422; x_wconf 87' lang='lat' dir='ltr'>proin</span> <span class='ocrx_word' id='word_1_79' title='bbox 662 1341 982 1412; x_wconf 81' lang='lat' dir='ltr'>Paternus,</span> <span class='ocrx_word' id='word_1_80' title='bbox 1023 1337 1321 1409; x_wconf 80' lang='lat' dir='ltr'>Sanctus,</span> <span class='ocrx_word' id='word_1_81' title='bbox 1370 1347 1433 1392; x_wconf 91' lang='lat' dir='ltr'>et</span> <span class='ocrx_word' id='word_1_82' title='bbox 1471 1328 1776 1391; x_wconf 87' lang='lat' dir='ltr'>Sacerdo-</span> 
     </span>
     <span class='ocr_line' id='line_1_14' title="bbox 65 1418 1777 1503; baseline -0.006 -17"><span class='ocrx_word' id='word_1_83' title='bbox 65 1427 206 1492; x_wconf 87' lang='lat' dir='ltr'>talis</span> <span class='ocrx_word' id='word_1_84' title='bbox 239 1426 395 1490; x_wconf 87' lang='lat' dir='ltr'>ordo</span> <span class='ocrx_word' id='word_1_85' title='bbox 431 1425 863 1492; x_wconf 87' lang='lat' dir='ltr'>Melchisedeci</span> <span class='ocrx_word' id='word_1_86' title='bbox 905 1427 1222 1485; x_wconf 90' lang='lat' dir='ltr'>institutus</span> <span class='ocrx_word' id='word_1_87' title='bbox 1261 1421 1412 1496; x_wconf 78' lang='lat' dir='ltr'>fuit,</span> <span class='ocrx_word' id='word_1_88' title='bbox 1458 1418 1632 1503; x_wconf 84' lang='lat' dir='ltr'>cujus</span> <span class='ocrx_word' id='word_1_89' title='bbox 1666 1439 1777 1476; x_wconf 83' lang='lat' dir='ltr'>ve-</span> 
     </span>
     <span class='ocr_line' id='line_1_15' title="bbox 66 1505 1774 1598; baseline -0.006 -24"><span class='ocrx_word' id='word_1_90' title='bbox 66 1517 247 1598; x_wconf 78' lang='lat' dir='ltr'>stigia</span> <span class='ocrx_word' id='word_1_91' title='bbox 278 1530 519 1578; x_wconf 84' lang='lat' dir='ltr'>secutus</span> <span class='ocrx_word' id='word_1_92' title='bbox 538 1530 627 1575; x_wconf 89' lang='lat' dir='ltr'>est</span> <span class='ocrx_word' id='word_1_93' title='bbox 659 1519 941 1589; x_wconf 65' lang='lat' dir='ltr'>Isaac-tw,</span> <span class='ocrx_word' id='word_1_94' title='bbox 964 1528 1028 1574; x_wconf 90' lang='lat' dir='ltr'>et</span> <span class='ocrx_word' id='word_1_95' title='bbox 1057 1510 1240 1594; x_wconf 89' lang='lat' dir='ltr'>hujus</span> <span class='ocrx_word' id='word_1_96' title='bbox 1277 1510 1439 1568; x_wconf 86' lang='lat' dir='ltr'>filius</span> <span class='ocrx_word' id='word_1_97' title='bbox 1478 1507 1670 1566; x_wconf 83' lang='lat' dir='ltr'><em>Jacob</em></span> <span class='ocrx_word' id='word_1_98' title='bbox 1694 1505 1774 1564; x_wconf 84' lang='lat' dir='ltr'>ab</span> 
     </span>
     <span class='ocr_line' id='line_1_16' title="bbox 66 1595 1777 1685; baseline -0.007 -22"><span class='ocrx_word' id='word_1_99' title='bbox 66 1603 313 1685; x_wconf 79' lang='lat' dir='ltr'>Angelo</span> <span class='ocrx_word' id='word_1_100' title='bbox 359 1607 623 1662; x_wconf 75' lang='lat' dir='ltr'>Israelis</span> <span class='ocrx_word' id='word_1_101' title='bbox 655 1603 840 1663; x_wconf 91' lang='lat' dir='ltr'>titulo</span> <span class='ocrx_word' id='word_1_102' title='bbox 863 1600 1236 1675; x_wconf 64' lang='lat' dir='ltr'>honoratim,</span> <span class='ocrx_word' id='word_1_103' title='bbox 1284 1597 1449 1658; x_wconf 90' lang='lat' dir='ltr'>unde</span> <span class='ocrx_word' id='word_1_104' title='bbox 1487 1595 1616 1678; x_wconf 87' lang='lat' dir='ltr'>ejus</span> <span class='ocrx_word' id='word_1_105' title='bbox 1659 1615 1777 1676; x_wconf 86' lang='lat' dir='ltr'>po-</span> 
     </span>
     <span class='ocr_line' id='line_1_17' title="bbox 73 1685 1777 1776; baseline -0.008 -24"><span class='ocrx_word' id='word_1_106' title='bbox 73 1694 226 1752; x_wconf 84' lang='lat' dir='ltr'>steri</span> <span class='ocrx_word' id='word_1_107' title='bbox 268 1694 561 1776; x_wconf 87' lang='lat' dir='ltr'>deinceps</span> <span class='ocrx_word' id='word_1_108' title='bbox 617 1691 933 1752; x_wconf 89' lang='lat' dir='ltr'>Israelitae</span> <span class='ocrx_word' id='word_1_109' title='bbox 978 1702 1124 1749; x_wconf 89' lang='lat' dir='ltr'>sunt</span> <span class='ocrx_word' id='word_1_110' title='bbox 1185 1689 1406 1747; x_wconf 84' lang='lat' dir='ltr'>vocati.</span> <span class='ocrx_word' id='word_1_111' title='bbox 1472 1685 1777 1758; x_wconf 74' lang='lat' dir='ltr'>Joseplzas</span> 
     </span>
     <span class='ocr_line' id='line_1_18' title="bbox 71 1772 1786 1859; baseline -0.007 -20"><span class='ocrx_word' id='word_1_112' title='bbox 71 1783 292 1839; x_wconf 76' lang='lat' dir='ltr'>Jacobi</span> <span class='ocrx_word' id='word_1_113' title='bbox 324 1777 486 1838; x_wconf 90' lang='lat' dir='ltr'>filius</span> <span class='ocrx_word' id='word_1_114' title='bbox 511 1782 628 1839; x_wconf 90' lang='lat' dir='ltr'>Dei</span> <span class='ocrx_word' id='word_1_115' title='bbox 667 1780 902 1838; x_wconf 86' lang='lat' dir='ltr'>cultum</span> <span class='ocrx_word' id='word_1_116' title='bbox 945 1781 1008 1836; x_wconf 91' lang='lat' dir='ltr'>in</span> <span class='ocrx_word' id='word_1_117' title='bbox 1030 1776 1316 1859; x_wconf 78' lang='lat' dir='ltr'>Aegypto</span> <span class='ocrx_word' id='word_1_118' title='bbox 1338 1772 1603 1855; x_wconf 89' lang='lat' dir='ltr'>amplius</span> <span class='ocrx_word' id='word_1_119' title='bbox 1628 1792 1786 1854; x_wconf 87' lang='lat' dir='ltr'>pro-</span> 
     </span>
     <span class='ocr_line' id='line_1_19' title="bbox 71 1859 1782 1954; baseline -0.006 -28"><span class='ocrx_word' id='word_1_120' title='bbox 71 1870 319 1954; x_wconf 82' lang='lat' dir='ltr'>pagavit</span> <span class='ocrx_word' id='word_1_121' title='bbox 344 1912 359 1941; x_wconf 87' lang='lat'>‚</span> <span class='ocrx_word' id='word_1_122' title='bbox 408 1870 716 1950; x_wconf 84' lang='lat' dir='ltr'>imprimis</span> <span class='ocrx_word' id='word_1_123' title='bbox 748 1890 901 1930; x_wconf 83' lang='lat' dir='ltr'>vero</span> <span class='ocrx_word' id='word_1_124' title='bbox 928 1869 1136 1924; x_wconf 81' lang='lat' dir='ltr'>Moses</span> <span class='ocrx_word' id='word_1_125' title='bbox 1155 1910 1170 1938; x_wconf 83' lang='lat'>‚</span> <span class='ocrx_word' id='word_1_126' title='bbox 1218 1865 1329 1946; x_wconf 85' lang='lat' dir='ltr'>qui</span> <span class='ocrx_word' id='word_1_127' title='bbox 1361 1865 1425 1920; x_wconf 90' lang='lat' dir='ltr'>in</span> <span class='ocrx_word' id='word_1_128' title='bbox 1446 1874 1659 1920; x_wconf 89' lang='lat' dir='ltr'>monte</span> <span class='ocrx_word' id='word_1_129' title='bbox 1685 1859 1782 1916; x_wconf 88' lang='lat' dir='ltr'>Si-</span> 
     </span>
     <span class='ocr_line' id='line_1_20' title="bbox 73 1947 1786 2037; baseline -0.009 -19"><span class='ocrx_word' id='word_1_130' title='bbox 73 1958 177 2018; x_wconf 85' lang='lat' dir='ltr'>nai</span> <span class='ocrx_word' id='word_1_131' title='bbox 216 1978 251 2014; x_wconf 92' lang='lat' dir='ltr'>a</span> <span class='ocrx_word' id='word_1_132' title='bbox 289 1957 423 2020; x_wconf 83' lang='lat' dir='ltr'>Deo</span> <span class='ocrx_word' id='word_1_133' title='bbox 455 1955 749 2017; x_wconf 85' lang='lat' dir='ltr'>dictatam</span> <span class='ocrx_word' id='word_1_134' title='bbox 782 1956 986 2037; x_wconf 81' lang='lat' dir='ltr'>legem</span> <span class='ocrx_word' id='word_1_135' title='bbox 1026 1951 1319 2014; x_wconf 85' lang='lat' dir='ltr'>Israelitis</span> <span class='ocrx_word' id='word_1_136' title='bbox 1343 1947 1786 2033; x_wconf 75' lang='lat' dir='ltr'>promulgavit,</span> 
     </span>
     <span class='ocr_line' id='line_1_21' title="bbox 77 2040 1785 2127; baseline -0.008 -20"><span class='ocrx_word' id='word_1_137' title='bbox 77 2060 141 2107; x_wconf 90' lang='lat' dir='ltr'>et</span> <span class='ocrx_word' id='word_1_138' title='bbox 175 2046 382 2127; x_wconf 89' lang='lat' dir='ltr'>coepit</span> <span class='ocrx_word' id='word_1_139' title='bbox 426 2044 529 2105; x_wconf 74' lang='lat' dir='ltr'>lex</span> <span class='ocrx_word' id='word_1_140' title='bbox 561 2046 677 2105; x_wconf 91' lang='lat' dir='ltr'>Dei</span> <span class='ocrx_word' id='word_1_141' title='bbox 699 2047 930 2127; x_wconf 87' lang='lat' dir='ltr'>scripta</span> <span class='ocrx_word' id='word_1_142' title='bbox 965 2063 1125 2117; x_wconf 75' lang='lat' dir='ltr'>esse,</span> <span class='ocrx_word' id='word_1_143' title='bbox 1169 2063 1290 2123; x_wconf 82' lang='lat' dir='ltr'>qua</span> <span class='ocrx_word' id='word_1_144' title='bbox 1314 2040 1500 2098; x_wconf 90' lang='lat' dir='ltr'>Sacra</span> <span class='ocrx_word' id='word_1_145' title='bbox 1546 2051 1608 2097; x_wconf 90' lang='lat' dir='ltr'>et</span> <span class='ocrx_word' id='word_1_146' title='bbox 1635 2056 1785 2119; x_wconf 89' lang='lat' dir='ltr'>pro-</span> 
     </span>
     <span class='ocr_line' id='line_1_22' title="bbox 77 2124 1786 2217; baseline -0.007 -23"><span class='ocrx_word' id='word_1_147' title='bbox 77 2135 217 2194; x_wconf 84' lang='lat' dir='ltr'>fana</span> <span class='ocrx_word' id='word_1_148' title='bbox 253 2133 472 2217; x_wconf 83' lang='lat' dir='ltr'>populi</span> <span class='ocrx_word' id='word_1_149' title='bbox 515 2130 653 2214; x_wconf 85' lang='lat' dir='ltr'>jura</span> <span class='ocrx_word' id='word_1_150' title='bbox 685 2135 1019 2193; x_wconf 85' lang='lat' dir='ltr'>constituta</span> <span class='ocrx_word' id='word_1_151' title='bbox 1072 2144 1248 2206; x_wconf 78' lang='lat' dir='ltr'>sunt3</span> <span class='ocrx_word' id='word_1_152' title='bbox 1294 2130 1362 2209; x_wconf 82' lang='lat' dir='ltr'>a)</span> <span class='ocrx_word' id='word_1_153' title='bbox 1417 2129 1547 2186; x_wconf 91' lang='lat' dir='ltr'>uti:</span> <span class='ocrx_word' id='word_1_154' title='bbox 1605 2124 1786 2184; x_wconf 88' lang='lat' dir='ltr'>Solus</span> 
     </span>
     <span class='ocr_line' id='line_1_23' title="bbox 74 2211 1788 2305; baseline -0.006 -23"><span class='ocrx_word' id='word_1_155' title='bbox 74 2221 319 2286; x_wconf 87' lang='lat' dir='ltr'>Israelis</span> <span class='ocrx_word' id='word_1_156' title='bbox 375 2222 541 2282; x_wconf 88' lang='lat' dir='ltr'>Deus</span> <span class='ocrx_word' id='word_1_157' title='bbox 612 2245 731 2305; x_wconf 86' lang='lat' dir='ltr'>pro</span> <span class='ocrx_word' id='word_1_158' title='bbox 776 2223 910 2285; x_wconf 90' lang='lat' dir='ltr'>Deo</span> <span class='ocrx_word' id='word_1_159' title='bbox 957 2217 1292 2280; x_wconf 80' lang='lat' dir='ltr'>habendus,</span> <span class='ocrx_word' id='word_1_160' title='bbox 1340 2216 1612 2277; x_wconf 87' lang='lat' dir='ltr'>Nomine</span> <span class='ocrx_word' id='word_1_161' title='bbox 1655 2211 1788 2294; x_wconf 83' lang='lat' dir='ltr'>ejus</span> 
     </span>
     <span class='ocr_line' id='line_1_24' title="bbox 79 2301 1786 2392; baseline -0.008 -21"><span class='ocrx_word' id='word_1_162' title='bbox 79 2325 285 2371; x_wconf 86' lang='lat' dir='ltr'>sancte</span> <span class='ocrx_word' id='word_1_163' title='bbox 323 2309 643 2373; x_wconf 88' lang='lat' dir='ltr'>utendum.</span> <span class='ocrx_word' id='word_1_164' title='bbox 707 2311 925 2370; x_wconf 87' lang='lat' dir='ltr'>Feriae</span> <span class='ocrx_word' id='word_1_165' title='bbox 983 2311 1100 2392; x_wconf 89' lang='lat' dir='ltr'>ipsi</span> <span class='ocrx_word' id='word_1_166' title='bbox 1147 2307 1449 2367; x_wconf 90' lang='lat' dir='ltr'>solemnes</span> <span class='ocrx_word' id='word_1_167' title='bbox 1495 2301 1786 2385; x_wconf 80' lang='lat' dir='ltr'>agendae.</span> 
     </span>
     <span class='ocr_line' id='line_1_25' title="bbox 80 2394 1787 2481; baseline -0.008 -20"><span class='ocrx_word' id='word_1_168' title='bbox 80 2403 374 2461; x_wconf 86' lang='lat' dir='ltr'>Parentes</span> <span class='ocrx_word' id='word_1_169' title='bbox 399 2396 763 2461; x_wconf 88' lang='lat' dir='ltr'>honorandi.</span> <span class='ocrx_word' id='word_1_170' title='bbox 790 2399 976 2459; x_wconf 85' lang='lat' dir='ltr'>Vitae</span> <span class='ocrx_word' id='word_1_171' title='bbox 1002 2398 1276 2481; x_wconf 73' lang='lat' dir='ltr'>proximi</span> <span class='ocrx_word' id='word_1_172' title='bbox 1300 2394 1604 2476; x_wconf 87' lang='lat' dir='ltr'>cujusque</span> <span class='ocrx_word' id='word_1_173' title='bbox 1640 2414 1787 2475; x_wconf 85' lang='lat' dir='ltr'>par-</span> 
     </span>
     <span class='ocr_line' id='line_1_26' title="bbox 82 2483 1790 2570; baseline -0.007 -22"><span class='ocrx_word' id='word_1_174' title='bbox 82 2487 363 2549; x_wconf 79' lang='lat' dir='ltr'>cendum.</span> <span class='ocrx_word' id='word_1_175' title='bbox 412 2488 713 2548; x_wconf 88' lang='lat' dir='ltr'>Honestas</span> <span class='ocrx_word' id='word_1_176' title='bbox 750 2489 1032 2570; x_wconf 89' lang='lat' dir='ltr'>corporis</span> <span class='ocrx_word' id='word_1_177' title='bbox 1057 2484 1424 2544; x_wconf 85' lang='lat' dir='ltr'>libidinibus</span> <span class='ocrx_word' id='word_1_178' title='bbox 1460 2503 1587 2540; x_wconf 90' lang='lat' dir='ltr'>non</span> <span class='ocrx_word' id='word_1_179' title='bbox 1621 2483 1790 2538; x_wconf 88' lang='lat' dir='ltr'>ince-</span> 
     </span>
     <span class='ocr_line' id='line_1_27' title="bbox 85 2567 1784 2661; baseline -0.005 -26"><span class='ocrx_word' id='word_1_180' title='bbox 85 2575 313 2635; x_wconf 84' lang='lat' dir='ltr'>standa.</span> <span class='ocrx_word' id='word_1_181' title='bbox 343 2576 595 2635; x_wconf 85' lang='lat' dir='ltr'>Nemini</span> <span class='ocrx_word' id='word_1_182' title='bbox 633 2598 781 2661; x_wconf 77' lang='lat' dir='ltr'>opes</span> <span class='ocrx_word' id='word_1_183' title='bbox 825 2598 893 2636; x_wconf 85' lang='lat' dir='ltr'>ac</span> <span class='ocrx_word' id='word_1_184' title='bbox 919 2574 1238 2634; x_wconf 82' lang='lat' dir='ltr'>facultates</span> <span class='ocrx_word' id='word_1_185' title='bbox 1271 2567 1784 2653; x_wconf 86' lang='lat' dir='ltr'>corrumpendae.</span> 
     </span>
     <span class='ocr_line' id='line_1_28' title="bbox 82 2659 1794 2727; baseline -0.008 0"><span class='ocrx_word' id='word_1_186' title='bbox 82 2666 283 2727; x_wconf 86' lang='lat' dir='ltr'>Nemo</span> <span class='ocrx_word' id='word_1_187' title='bbox 318 2661 641 2723; x_wconf 88' lang='lat' dir='ltr'>mendacio</span> <span class='ocrx_word' id='word_1_188' title='bbox 680 2662 1029 2725; x_wconf 88' lang='lat' dir='ltr'>laedendus.</span> <span class='ocrx_word' id='word_1_189' title='bbox 1087 2664 1503 2722; x_wconf 88' lang='lat' dir='ltr'>Possessiones</span> <span class='ocrx_word' id='word_1_190' title='bbox 1543 2659 1794 2717; x_wconf 86' lang='lat' dir='ltr'>alterius</span> 
     </span>
     <span class='ocr_line' id='line_1_29' title="bbox 84 2746 1789 2834; baseline -0.006 -22"><span class='ocrx_word' id='word_1_191' title='bbox 84 2776 212 2812; x_wconf 83' lang='lat' dir='ltr'>non</span> <span class='ocrx_word' id='word_1_192' title='bbox 246 2751 641 2833; x_wconf 83' lang='lat' dir='ltr'>appetendae.</span> <span class='ocrx_word' id='word_1_193' title='bbox 690 2754 978 2834; x_wconf 87' lang='lat' dir='ltr'>Denique</span> <span class='ocrx_word' id='word_1_194' title='bbox 1024 2772 1137 2810; x_wconf 90' lang='lat' dir='ltr'>nec</span> <span class='ocrx_word' id='word_1_195' title='bbox 1171 2753 1429 2809; x_wconf 87' lang='lat' dir='ltr'>minima</span> <span class='ocrx_word' id='word_1_196' title='bbox 1478 2746 1789 2829; x_wconf 87' lang='lat' dir='ltr'>cupidita-</span> 
     </span>
     <span class='ocr_line' id='line_1_30' title="bbox 86 2836 1798 2920; baseline -0.006 -20"><span class='ocrx_word' id='word_1_197' title='bbox 86 2856 147 2900; x_wconf 91' lang='lat' dir='ltr'>te</span> <span class='ocrx_word' id='word_1_198' title='bbox 185 2855 288 2899; x_wconf 89' lang='lat' dir='ltr'>aut</span> <span class='ocrx_word' id='word_1_199' title='bbox 327 2841 700 2920; x_wconf 79' lang='lat' dir='ltr'>cogitatione</span> <span class='ocrx_word' id='word_1_200' title='bbox 738 2839 1078 2899; x_wconf 78' lang='lat' dir='ltr'>violenduS.</span> <span class='ocrx_word' id='word_1_201' title='bbox 1134 2840 1226 2897; x_wconf 69' lang='lat' dir='ltr'>Ex</span> <span class='ocrx_word' id='word_1_202' title='bbox 1262 2836 1354 2896; x_wconf 86' lang='lat' dir='ltr'>his</span> <span class='ocrx_word' id='word_1_203' title='bbox 1404 2840 1614 2917; x_wconf 86' lang='lat' dir='ltr'>itaque</span> <span class='ocrx_word' id='word_1_204' title='bbox 1652 2836 1798 2891; x_wconf 83' lang='lat' dir='ltr'>Mo-</span> 
     </span>
     <span class='ocr_line' id='line_1_31' title="bbox 86 2924 1789 3009; baseline -0.005 -23"><span class='ocrx_word' id='word_1_205' title='bbox 86 2953 180 2986; x_wconf 76' lang='lat' dir='ltr'>ses</span> <span class='ocrx_word' id='word_1_206' title='bbox 211 2949 484 2987; x_wconf 88' lang='lat' dir='ltr'>summus</span> <span class='ocrx_word' id='word_1_207' title='bbox 527 2928 947 2988; x_wconf 88' lang='lat' dir='ltr'>Israelitarum</span> <span class='ocrx_word' id='word_1_208' title='bbox 984 2926 1331 3009; x_wconf 77' lang='lat' dir='ltr'>Legislator</span> <span class='ocrx_word' id='word_1_209' title='bbox 1365 2924 1627 2984; x_wconf 89' lang='lat' dir='ltr'>dicitur:</span> <span class='ocrx_word' id='word_1_210' title='bbox 1679 2924 1789 3004; x_wconf 86' lang='lat' dir='ltr'>qui</span> 
     </span>
    </p>
   </div>
   <div class='ocr_carea' id='block_1_3' title="bbox 89 3039 406 3051">
    <p class='ocr_par' dir='ltr' id='par_1_3' title="bbox 89 3039 406 3051">
     <span class='ocr_line' id='line_1_32' title="bbox 89 3039 406 3051; baseline 0 735"><span class='ocrx_word' id='word_1_211' title='bbox 89 3039 406 3051; x_wconf 95' lang='lat' dir='ltr'> </span> 
     </span>
    </p>
   </div>
   <div class='ocr_carea' id='block_1_4' title="bbox 161 3066 1793 3221">
    <p class='ocr_par' dir='ltr' id='par_1_4' title="bbox 161 3066 1793 3221">
     <span class='ocr_line' id='line_1_33' title="bbox 161 3066 1793 3150; baseline -0.004 -21"><span class='ocrx_word' id='word_1_212' title='bbox 161 3077 219 3150; x_wconf 77' lang='lat' dir='ltr'>a)</span> <span class='ocrx_word' id='word_1_213' title='bbox 257 3077 452 3130; x_wconf 80' lang='lat' dir='ltr'>Exodi.</span> <span class='ocrx_word' id='word_1_214' title='bbox 476 3096 517 3128; x_wconf 86' lang='lat' dir='ltr'>c.</span> <span class='ocrx_word' id='word_1_215' title='bbox 554 3074 616 3129; x_wconf 86' lang='lat'>19</span> <span class='ocrx_word' id='word_1_216' title='bbox 647 3087 701 3129; x_wconf 87' lang='lat' dir='ltr'>et</span> <span class='ocrx_word' id='word_1_217' title='bbox 748 3076 831 3129; x_wconf 82' lang='lat'>20.</span> <span class='ocrx_word' id='word_1_218' title='bbox 864 3094 920 3134; x_wconf 78' lang='lat' dir='ltr'>v.</span> <span class='ocrx_word' id='word_1_219' title='bbox 967 3073 1022 3130; x_wconf 81' lang='grc'>2.</span> <span class='ocrx_word' id='word_1_220' title='bbox 1053 3092 1208 3146; x_wconf 80' lang='lat' dir='ltr'>seqq.</span> <span class='ocrx_word' id='word_1_221' title='bbox 1247 3075 1425 3145; x_wconf 85' lang='lat' dir='ltr'>Josep.</span> <span class='ocrx_word' id='word_1_222' title='bbox 1457 3072 1527 3129; x_wconf 86' lang='lat' dir='ltr'>L.</span> <span class='ocrx_word' id='word_1_223' title='bbox 1574 3069 1625 3124; x_wconf 83' lang='lat'>3.</span> <span class='ocrx_word' id='word_1_224' title='bbox 1659 3089 1704 3122; x_wconf 87' lang='lat' dir='ltr'>c.</span> <span class='ocrx_word' id='word_1_225' title='bbox 1744 3066 1793 3123; x_wconf 85' lang='lat'>1.</span> 
     </span>
     <span class='ocr_line' id='line_1_34' title="bbox 250 3145 1144 3221; baseline 0 -21"><span class='ocrx_word' id='word_1_226' title='bbox 250 3149 406 3221; x_wconf 78' lang='lat' dir='ltr'>Sulp.</span> <span class='ocrx_word' id='word_1_227' title='bbox 440 3148 622 3202; x_wconf 82' lang='lat' dir='ltr'>Sever.</span> <span class='ocrx_word' id='word_1_228' title='bbox 638 3149 698 3202; x_wconf 89' lang='lat' dir='ltr'>L.</span> <span class='ocrx_word' id='word_1_229' title='bbox 723 3145 772 3201; x_wconf 84' lang='lat'>1.</span> <span class='ocrx_word' id='word_1_230' title='bbox 1141 3147 1144 3149; x_wconf 59' lang='grc'><strong><em>’</em></strong></span> 
     </span>
    </p>
   </div>
  </div>
 </body>
</html>
