2048 3786
578 218 1147 276 stlac‘edonum.
1558 222 1681 280 555

86 399 407 473 cussisset,
454 419 601 459 mox
643 398 1036 456 Ptolomaeus
1069 416 1214 457 cum
1255 396 1601 476 Antipatro
1643 399 1771 462 foe—

79 487 191 546 dus
233 508 556 546 armorum
584 487 802 543 inivit:
850 482 927 542 ad
965 505 1151 566 quem
1208 507 1527 546 rumorem
1588 490 1777 547 Anti-

75 597 277 653 gonus
311 577 376 632 in
417 575 749 640 Graeciam
774 574 1064 645 venienS,
1108 572 1457 646 Antipatro
1496 588 1559 632 et
1618 579 1777 633 Cra-

83 675 218 720 tero
253 665 474 737 svasit,
522 676 592 721 ut
636 683 833 744 quum
879 659 1002 743 jam
1045 660 1316 720 Graecos
1375 660 1779 737 devicissent,

78 772 480 811 numerosum
518 771 696 810 suum
734 751 1079 810 exercitum
1114 749 1178 805 in
1232 747 1447 809 Asiam
1491 748 1780 810 traduce-

79 853 230 917 rent
261 837 338 897 ad
382 842 748 896 Perdiccam
794 835 1313 921 opprimendum,
1360 855 1548 918 quem
1595 840 1780 898 terri-

77 927 268 987 ficum
310 925 460 987 belli
499 940 866 1010 apparatum
912 948 1060 985 mox
1099 938 1168 983 ut
1209 929 1543 984 Perdiccas
1590 928 1781 987 resci-

74 1029 292 1090 verat,
340 1018 674 1073 Eumenem
693 1037 835 1074 cum
870 1013 1073 1072 valida
1107 1035 1296 1072 manu
1313 1008 1389 1072 ad
1427 1014 1778 1097 Helespon-

74 1117 209 1163 tum
233 1107 326 1164 ire
371 1101 588 1187 jussit:
629 1105 741 1186 qui
782 1104 969 1162 etiam
1016 1103 1081 1161 in
1108 1103 1468 1185 Aegyptum
1502 1105 1780 1177 veniens,

75 1195 406 1252 commisso
431 1192 784 1253 decretorio
805 1191 1063 1274 praeliO,
1111 1193 1446 1251 Craterum
1503 1205 1566 1252 et
1611 1195 1777 1249 Neo-

61 1286 407 1358 ptolemum
452 1283 622 1341 vicit.
674 1282 1004 1338 Perdiccas
1037 1301 1191 1339 vero
1232 1279 1417 1361 longe
1451 1277 1775 1341 florentio-

28 1392 33 1396 ·
73 1393 211 1430 rem
231 1372 573 1449 exercitum
595 1369 712 1427 alia
751 1371 854 1429 via
888 1367 1136 1443 ducens,
1174 1370 1238 1426 in
1272 1370 1406 1450 ipso
1425 1366 1550 1428 Nili
1578 1382 1779 1427 trans-

71 1460 196 1533 itu,
243 1460 708 1542 conspiratione
736 1479 1025 1532 suorum,
1064 1455 1395 1539 quibusob
1420 1456 1779 1539 superbiam

75 1548 311 1608 invisus
360 1560 527 1608 erat:
575 1549 809 1607 occisus
835 1559 925 1606 est
962 1568 1056 1604 an.
1092 1558 1235 1605 ante
1269 1541 1374 1603 Ch.
1429 1546 1571 1608 529.
1588 1546 1781 1604 Caeso

80 1638 406 1712 Perdicca,
453 1634 584 1719 ejus
625 1638 813 1697 etiam
848 1633 1070 1695 fratres
1106 1636 1411 1691 Eumenes
1428 1646 1491 1693 et
1524 1633 1784 1692 Alcetas

77 1725 638 1807 proscribebantur
664 1771 679 1800 ,
737 1739 799 1784 et
843 1745 1076 1784 summa
1113 1744 1331 1783 rerum
1387 1720 1785 1780 administra-

74 1814 164 1872 tio
196 1816 583 1889 Antipatr03
630 1835 782 1873 cura
812 1834 967 1874 vero
997 1810 1149 1872 belli
1193 1809 1489 1870 adversus
1547 1812 1779 1868 Eume—

74 1922 211 1958 nem
241 1904 555 1980 Antigono
590 1901 948 1963 concredita
996 1915 1102 1962 est.
1141 1901 1206 1981 a)
1251 1900 1426 1958 Inter
1478 1893 1661 1980 hujus
1708 1894 1780 1954 fi-

75 1988 190 2049 lios
225 1992 814 2067 Poiysperclzontem
855 2004 918 2051 et
941 1992 1386 2062 Cassandrum,
1409 1998 1599 2068 prout
1629 1997 1771 2068 post

75 2093 347 2139 mortem
387 2082 581 2162 patris
611 2077 1018 2140 Macedoniae
1050 2078 1349 2138 Rectores
1374 2086 1586 2150 erant3
1633 2094 1779 2156 gra-

71 2186 180 2227 ves
225 2169 660 2229 contentiones
699 2182 843 2228 sunt
879 2180 1131 2228 enatae:
1177 2166 1240 2246 b)
1302 2163 1601 2247 quoniam
1657 2164 1778 2220 Po-

75 2257 449 2334 lysperclzon
473 2272 680 2339 partes
711 2258 945 2339 Regiae
977 2254 1244 2316 familiae
1260 2251 1579 2327 tueretur3
1624 2272 1776 2332 qua-

75 2358 340 2427 propter
379 2366 413 2402 a
450 2347 835 2419 Cassandro,
882 2345 1227 2422 Antiogoni
1247 2342 1520 2402 amicitia
1562 2337 1775 2420 adjuto

73 2434 251 2515 gravi
290 2431 456 2493 bello
487 2434 796 2495 lacessitus
831 2446 940 2495 est.
975 2434 1148 2493 Inter
1185 2443 1381 2490 tantas
1419 2428 1653 2512 Regiae
1685 2426 1782 2485 fa-

77 2520 288 2581 miliae
333 2520 744 2596 calamitates,
818 2523 1145 2599 Oiympias
1195 2520 1564 2594 Phifippum
1613 2513 1776 2598 ejus-

79 2631 204 2692 que
235 2630 503 2669 uxorem
549 2613 930 2688 Eurydicem
967 2611 1095 2669 vita
1137 2608 1345 2683 exuit3
1392 2609 1522 2689 ipsa
1564 2618 1773 2665 autem

87 2699 418 2775 Oiympias
457 2700 522 2757 in
554 2699 715 2759 urbe
739 2700 964 2777 Pydna
994 2720 1028 2756 a
1076 2699 1429 2756 Cassandro
1453 2707 1592 2779 post
1632 2692 1772 2752 diu-

76 2798 327 2846 turnam
369 2785 762 2859 obsidionem
797 2800 975 2870 capta
1030 2798 1090 2847 et
1126 2786 1324 2844 occisa
1365 2796 1473 2844 est.
1533 2780 1769 2842 Eodem.

898 2877 951 2935 Z
997 2881 1029 2936 2
1529 2885 1686 2932 tem-

142 3021 203 3099 α)
241 3023 472 3081 Diodor.
510 3025 677 3079 Sicul.
703 3026 763 3076 L.
788 3022 872 3077 13.
912 3045 957 3077 c.
991 3024 1077 3079 53.
1114 3042 1232 3094 seq.
1267 3023 1470 3078 Justin.
1505 3020 1565 3072 L.
1604 3017 1680 3072 14.
1720 3038 1768 3071 ο.

240 3092 291 3150 1.
320 3094 592 3150 Plutarch.
626 3095 683 3150 in
718 3097 977 3166 Eumene.
1012 3092 1064 3167 h)
1105 3094 1327 3147 Diodor.
1369 3093 1430 3145 L.
1471 3088 1555 3146 18.
1606 3110 1653 3142 c.
1686 3087 1775 3144 54.

249 3183 401 3238 Serri·
