2048 3786
279 243 509 319 Babyl.
560 243 774 299 Chald.
817 241 979 295 Med.
1028 239 1391 307 Assyriam.
1560 243 1678 300 107

91 420 436 505 Prophetae
456 468 470 496 ,
529 422 596 501 a)
636 434 698 479 et
716 420 1041 479 Persarum
1070 422 1237 502 Magi
1260 444 1271 480 :
1298 443 1364 479 ac
1387 422 1570 503 proin
1596 436 1772 480 erant

89 512 359 570 ministri
401 509 753 589 religionis,
792 508 1068 566 Deorum
1117 510 1309 567 cultui
1349 507 1614 582 addicti,
1660 530 1773 590 per

88 620 270 658 omne
308 612 547 679 tempus
590 596 752 654 vitae
784 592 1248 678 philosophari,
1287 595 1496 654 futura
1529 594 1774 675 praedi—

84 706 262 760 cere,
310 686 543 744 somnia
577 697 639 742 et
684 681 968 764 prodigia
1022 685 1467 766 interpretari,
1524 681 1773 742 Sacrifi—

85 777 195 832 ciis
227 788 288 834 et
313 770 833 831 incantationibus
853 770 1011 829 mala
1030 787 1333 847 avertere,
1359 787 1420 832 et
1443 771 1606 830 bona
1630 794 1776 853 pro-

88 883 308 921 curare
331 906 346 935 ,
392 873 845 942 parentumque
875 857 1032 917 filios
1049 859 1122 917 ad
1152 875 1479 942 praecepta
1500 862 1647 918 artis
1665 857 1777 916 do-

91 971 248 1009 cere.
294 947 468 1006 Idem
509 949 834 1004 Diodorus
868 948 930 1026 b)
971 946 1152 1006 dicit:
1199 947 1532 1008 Chaldaeos
1564 945 1773 1007 credi-

90 1036 247 1096 disse
281 1036 694 1109 creationem,
742 1049 805 1094 et
840 1033 1118 1094 divinam.
1155 1035 1627 1119 providentiam.
1673 1031 1776 1094 In—

90 1139 186 1184 ter
225 1122 432 1183 civilia
465 1125 742 1181 instituta
774 1119 1102 1198 habebant,
1129 1139 1199 1183 ut
1233 1147 1444 1186 omnes
1479 1124 1772 1182 mulieres

88 1211 273 1272 semel
312 1214 377 1271 in
416 1214 545 1270 vita
570 1210 645 1269 ad
688 1211 989 1293 templum
1008 1215 1253 1273 veneris
1280 1217 1404 1288 ire,
1461 1213 1675 1293 ibique
1712 1212 1769 1290 c)

88 1300 328 1360 cultum
364 1321 507 1359 cum
541 1302 769 1360 exteris
810 1315 1121 1381 praestare
1166 1300 1447 1362 debeant.
1508 1301 1624 1361 Rei
1670 1321 1777 1359 ve-

89 1391 368 1449 natoriae
398 1402 639 1449 mature
683 1404 1097 1463 vacaverunt,
1159 1393 1350 1450 secuti
1392 1392 1777 1448 Nimrodam.

92 1479 160 1557 d)
185 1477 311 1536 Pro
336 1475 645 1559 stipendio
684 1498 864 1557 saepe
904 1476 1074 1537 Indis
1113 1478 1168 1557 e)
1207 1478 1516 1553 militare3
1577 1476 1778 1535 latro-

89 1568 269 1625 ciniis
328 1586 398 1624 ac
460 1563 963 1646 praedationibus
1035 1568 1251 1626 vivere
1331 1565 1648 1640 solebant3
1694 1567 1781 1622 ir-

88 1667 352 1714 ruerunt
393 1655 560 1713 enim
606 1652 786 1734 plane
823 1667 885 1712 et
919 1655 979 1710 in
1015 1654 1291 1714 Camelos
1336 1655 1492 1729 Jobi,
1521 1655 1607 1733 f)
1633 1675 1789 1734 pue—

90 1763 316 1823 rosque
358 1737 822 1800 interfecerunt.
853 1740 1111 1821 Assyrii,
1148 1743 1439 1824 Virgines
1489 1739 1778 1823 conjugio

89 1843 357 1888 maturas
404 1831 467 1886 in
512 1827 652 1888 foro
707 1826 1019 1904 vendunt,
1066 1844 1129 1890 et
1181 1853 1368 1911 quam
1405 1832 1543 1912 quis
1596 1832 1778 1902 emit,

87 1919 160 1998 g)
207 1939 340 1977 eam
375 1938 658 2001 sponsam
680 1915 950 1974 abducit.
1009 1918 1332 1999 Babylonii
1366 1933 1569 1978 autem
1589 1931 1650 1977 et
1675 1940 1781 1977 ex—

96 2020 256 2065 teras
295 2027 449 2064 auro
497 2007 761 2066 mercari
799 2003 1109 2081 solebant,
1156 2008 1223 2087 h)
1274 2030 1343 2067 ea
1390 2022 1595 2066 tamen
1642 2004 1779 2086 lege

93 2109 163 2153 ut
190 2096 595 2154 matrimonio
635 2094 751 2152 sibi
788 2092 1061 2176 jungant.
1127 2095 1265 2155 Mos
1301 2094 1610 2155 castrandi
1649 2117 1778 2152 ma-

95 2204 193 2244 res
231 2181 495 2242 invaluit
541 2205 576 2240 a
613 2185 1024 2240 Semiramide
1082 2184 1131 2264 ι’)
1173 2182 1347 2266 cujus
1404 2203 1780 2244 successores

94 2286 279 2355 turpe
302 2269 416 2332 hoc
448 2273 800 2330 institutum
833 2274 1302 2332 continuarunt:
1350 2271 1524 2354 cujus
1557 2270 1781 2332 foedis—

91 2362 230 2418 simi
247 2363 438 2419 moris
454 2357 683 2443 justum
705 2359 1034 2441 suplicium
1052 2361 1194 2420 tulit
1222 2364 1605 2434 SemiramiS,
1638 2382 1781 2418 nam

95 2451 299 2506 Ninus
338 2446 497 2507 filius
536 2451 592 2509 ei
623 2449 878 2507 immisit
913 2449 1280 2508 Eunuchum
1325 2452 1387 2530 k)
1418 2450 1776 2508 Siccarium.

93 2535 406 2617 ,Aegrotos
440 2538 505 2595 in
542 2535 749 2598 forum
788 2536 1161 2614 efferebant,
1210 2552 1279 2597 ut
1318 2561 1350 2596 a
1375 2553 1780 2622 praetereun-

1646 2640 1692 2684 t1

169 2815 230 2888 a)
269 2816 429 2866 Josue
465 2834 508 2866 c.
552 2814 638 2867 2-1.
676 2833 726 2866 v.
764 2815 814 2866 ⁸2.
855 2813 908 2886 b)
931 2815 1377 2868 Geni-Alexand.
1415 2816 1616 2866 Strom.
1658 2813 1782 2869 LA.

262 2904 313 2955 q.
346 2883 464 2936 305.
502 2886 704 2936 Cicero.
736 2886 798 2937 L.
837 2886 882 2936 1.
917 2885 982 2936 de
1001 2885 1168 2937 divin.
1204 2886 1425 2936 Diodor.
1462 2887 1520 2937 L.
1560 2884 1608 2936 2.
1634 2885 1780 2937 c.‘29.

263 2954 316 3016 c)
355 2953 516 3007 idem.
554 2955 687 3011 ibid.
726 2974 768 3007 c.
796 2952 878 3006 30.
899 2955 956 3025 d)
980 2955 1241 3008 Herodot.
1262 2956 1324 3007 L.
1360 2954 1406 3033 1.
1438 2974 1487 3007 e.
1525 2953 1637 3006 198.
1664 2954 1781 3006 199.

259 3022 951 3159 5?3³¹1¹·7.⁰>2>10A31·1.?;s{>.
984 3023 1699 3166 {fflgf'lfflfffgss'ffi'ssalffssz
1735 3046 1786 3150 ἶ.

269 3183 312 3216 c.
342 3162 460 3218 196.
493 3163 548 3231 k)
584 3170 762 3219 Amm.
794 3165 1036 3220 Marcell.
1074 3167 1135 3220 L.
1173 3166 1255 3219 14.
1295 3184 1337 3220 c.
1373 3165 1421 3221 6.
