2048 3786
523 252 716 300 ante
769 243 1254 304 Diluviana.
1578 249 1655 307 57

62 424 117 481 2.
165 419 350 503 Spem
383 423 446 479 in
491 422 846 483 Venturum
884 419 1186 478 Messian).
1229 422 1282 480 5.
1318 419 1567 481 Cultum
1606 428 1743 484 veri

61 507 177 568 Dei
205 554 219 579 ‚
266 525 335 568 ut
368 524 536 593 patet
571 531 646 569 ex
687 507 1003 567 sacrificiis
1037 510 1247 565 Abelis
1281 523 1342 567 et
1378 511 1574 568 Caini.
1623 513 1747 571 Ita-

59 618 183 677 que
227 599 703 679 Protopaientes
729 595 878 655 dum
914 596 997 655 ob
1032 610 1387 679 peccatum,
1417 600 1750 682 incompa-

16 710 18 713 ’
60 685 259 744 labile
299 686 450 744 illud
496 687 883 745 innocentiae
919 683 1186 759 donum,
1234 699 1296 744 et
1327 685 1439 744 Dei
1482 691 1747 769 gratiam

59 776 419 848 amisissent,
463 797 610 834 mox
647 786 852 834 secuta
894 787 1029 832 erat
1065 776 1251 832 totius
1285 769 1537 833 humani
1571 797 1759 857 gene⁴

56 863 141 918 iis
184 864 528 920 misellima
570 864 789 939 ruina3
837 883 1026 944 quam
1081 875 1288 922 tamen
1344 862 1460 923 Dei
1505 867 1751 926 miseri-

57 948 270 1007 coidia
309 953 751 1031 gratiosissimo
803 952 1054 1010 ventuii
1098 951 1348 1010 seminis
1408 955 1711 1035 promisso
1740 1000 1758 1030 ,

61 1039 124 1093 in
171 1040 304 1118 ipso
345 1039 637 1098 Paradiso
671 1041 975 1099 resarcire
1021 1042 1247 1122 coepit3
1294 1062 1417 1121 qua
1459 1044 1752 1123 promissi

67 1124 460 1187 Redemtoris
505 1149 612 1211 spe
647 1142 889 1188 erectus
927 1130 1173 1203 Adam,
1240 1129 1385 1190 930.
1441 1131 1618 1190 annis
1662 1133 1760 1190 vi-

63 1235 212 1272 vens
248 1214 458 1298 plures
506 1219 775 1299 suscepit
810 1214 1078 1292 liberm,
1149 1219 1316 1278 inter
1361 1238 1516 1300 quos
1555 1222 1759 1278 maxi-

57 1323 157 1362 me
192 1306 324 1362 noti
366 1319 511 1366 sunt
561 1305 829 1380 Calmes,
881 1318 943 1365 et
973 1306 1215 1364 Setlucs‘.
1266 1305 1326 1365 A
1389 1307 1580 1365 Caino
1625 1306 1755 1367 fra-

58 1394 173 1449 tris
194 1394 410 1452 Abelis
428 1392 851 1467 interfectore,
876 1392 1195 1454 descendit
1214 1396 1403 1478 impia
1423 1397 1593 1455 natio
1616 1397 1756 1455 Cai-

59 1502 375 1539 naeorum.
424 1482 481 1540 A
532 1484 721 1540 Setlzo
776 1503 930 1541 vero
981 1480 1437 1543 descenderunt
1475 1484 1756 1544 Patriar—

57 1566 243 1642 chae,
287 1590 393 1629 seu
429 1568 541 1628 filii
590 1571 706 1632 Dei
740 1568 907 1629 dicti.
949 1569 1244 1631 Ceterum
1299 1573 1484 1629 Caini
1521 1576 1757 1656 posteri

62 1658 126 1714 in
164 1656 351 1716 rebus
387 1659 574 1718 seculi
619 1681 746 1718 non
786 1661 1018 1718 minori
1067 1657 1359 1720 felicitate
1414 1683 1605 1742 quam
1648 1660 1756 1722 alii

55 1766 133 1804 ex
173 1747 460 1828 piissimis
492 1746 871 1821 floruerunt,
921 1749 964 1805 ii
999 1749 1169 1807 enim
1214 1750 1450 1830 ingenii
1483 1746 1756 1828 dotibus,

57 1834 453 1916 inventisque
490 1835 730 1894 artibus
766 1834 844 1894 ad
880 1836 1044 1895 vitae
1066 1832 1368 1896 humanae
1405 1838 1754 1915 commoda,

57 1934 120 1980 et
161 1938 560 1998 ornamenta,
597 1926 863 2006 optimos
903 1944 1186 2006 quosque
1218 1925 1620 2008 superabunt.
1662 1927 1758 1988 Ex

55 2011 156 2092 pia
199 2013 375 2068 Semi
410 2014 712 2094 progenie
751 2014 879 2071 nati
920 2027 1063 2071 sunt
1125 2011 1562 2089 Patriarchae,
1619 2018 1754 2075 uti:

58 2101 304 2173 Enoch,
352 2102 625 2176 (laisum,
669 2102 1003 2175 Malaleel,
1028 2103 1243 2177 Jared,
1283 2104 1569 2179 Henoclz‚
1602 2106 1754 2164 Ma-

56 2189 363 2245 thascclem
386 2235 401 2263 ‚
439 2193 749 2265 Lamech,
789 2192 954 2264 Noe,
994 2190 1223 2272 quibus
1256 2192 1544 2252 omnibus
1576 2214 1761 2276 prae-

53 2279 308 2357 cipuum
339 2292 473 2337 erat
502 2279 708 2340 colere
748 2279 964 2339 Deum.
1014 2281 1189 2340 Inter
1227 2276 1338 2339 hos
1378 2279 1594 2342 decem
1635 2283 1756 2341 Pa·-

56 2362 352 2429 triarchas
372 2411 387 2441 ‚
407 2382 656 2450 praeter
676 2371 1004 2442 Adnmam,
1031 2367 1562 2429 commemorandi
1579 2383 1739 2429 sunt:

57 2455 226 2512 Etzos
272 2457 384 2536 qui
418 2457 736 2517 solennem
770 2470 833 2516 et
861 2455 1183 2538 publicum
1217 2459 1332 2517 Dei
1378 2457 1616 2518 cultum
1652 2461 1751 2517 in-

57 2545 271 2601 stituit.
349 2547 611 2604 Henoclz
657 2548 767 2627 qui
813 2559 954 2628 post
1017 2547 1248 2603 Adami
1305 2560 1606 2623 mortem,
1669 2546 1755 2606 ob

56 2652 226 2691 suam
281 2633 574 2714 pietatem
621 2637 838 2694 vivens
887 2636 952 2691 in
1011 2634 1254 2694 coelum
1298 2635 1572 2695 sublatus
1639 2649 1747 2695 est.

62 2722 486 2779 Mccclmsalem
520 2726 798 2782 omnium
836 2720 1161 2782 hominum
1204 2726 1474 2783 maxime
1506 2723 1757 2805 longae-

64 2829 176 2867 vus
212 2808 599 2887 celebratur3
644 2809 816 2893 cujus
851 2824 914 2869 et
957 2809 1224 2870 aliorum
1258 2809 1759 2871 Patriarcharum

61 2911 354 2971 aetatem,
403 2905 510 2957 a'er
565 2921 792 2981 pinus,
837 2897 1087 2981 frugum
1111 2897 1558 2982 fluctuumque
1582 2921 1764 3002 piae-
1837 2971 1840 2975 ⁴

73 2990 330 3059 stantia,
378 3009 446 3047 ac
494 2990 692 3046 victus
731 2987 1089 3071 simplicitas
1120 2991 1388 3048 maxime
1427 2991 1765 3073 promovit3

72 3087 261 3157 piout
300 3032 446 3136 liaeo
492 3079 696 3137 omnia
751 3078 1141 3161 expelientia.
1196 3079 1379 3139 etiam
1441 3090 1629 3151 teste,
1690 3078 1768 3139 ad

1513 3179 1674 3227 aeta-
