2048 3786
326 163 452 222 216
866 167 1296 224 IIiscorc‘a

228 345 352 402 cit:
401 343 572 427 quod
629 369 747 429 pro
797 349 1126 407 Amasiclis
1165 346 1333 422 filia,
1383 350 1635 407 Nitetc'tz
1675 347 1932 424 Aps-iae

228 430 422 494 filiam
462 436 526 494 in
549 436 839 519 pellicem
886 441 1216 523 acceperit.
1265 440 1302 497 J
1309 439 1504 498 ustior
1540 453 1748 498 tamen
1787 438 1937 499 belli

225 544 409 583 causa
446 539 581 585 erat
616 527 1082 610 Aegyptiorum
1111 527 1397 601 defectio,
1433 529 1543 610 qui
1587 540 1729 610 post
1769 549 1942 587 mor-

231 615 574 691 tem'C'yri,
610 610 817 676 denuo
842 616 920 675 ad
939 617 1296 678 libertatem
1320 616 1757 701 adspirabant3
1784 638 1942 699 quos

225 699 495 764 feliciter
533 704 886 789 subjugans,
924 710 1191 768 victoria
1228 707 1441 783 elatus,
1483 728 1695 789 regem
1737 707 1943 789 ipsum

229 790 575 854 crudeliter
604 796 884 873 sustulit,
932 819 1002 857 ac
1035 796 1328 881 deinceps
1362 800 1426 855 in
1474 816 1688 856 omnes
1715 796 1945 854 saevis-

227 883 418 942 simus
454 885 667 960 evasit,
716 889 1085 968 praesertim
1121 886 1269 946 dum
1287 887 1363 948 ad
1397 887 1435 944 J
1439 889 1572 946 ovis
1602 886 1949 945 Ammonis

224 971 532 1054 templum
566 974 1072 1035 succendendum
1090 976 1560 1060 expeditionem
1586 979 1650 1034 in
1674 971 1949 1035 Aethio-

223 1061 391 1143 piam
426 1065 825 1145 suscepisset,
881 1085 951 1124 ac
1025 1067 1257 1139 5⁰,000
1311 1065 1541 1125 milites
1591 1087 1784 1125 arena
1825 1063 1943 1123 ob·-

226 1163 403 1210 rutos
447 1151 514 1232 a)
564 1154 886 1229 amisisset,
934 1153 1302 1236 clademque
1352 1157 1613 1238 insuper
1653 1175 1947 1236 magnam
2013 1216 2015 1218 ,

223 1240 580 1322 accepisset,
602 1263 912 1302 reversus:
941 1245 1150 1303 omnia
1183 1245 1469 1304 Deorum
1498 1242 1731 1325 templa
1752 1246 1816 1301 in
1853 1244 1944 1301 ci-

225 1350 405 1391 neres
440 1334 758 1392 convertit
782 1355 796 1408 3
822 1330 1071 1393 tandem
1094 1331 1442 1416 Memphim
1474 1335 1755 1407 veniens,
1794 1330 1947 1393 dum

228 1419 491 1494 incolas,
524 1421 691 1498 Apis
731 1423 849 1482 Dei
889 1421 1359 1484 translationem
1425 1421 1583 1484 festo
1639 1419 1742 1482 die
1789 1421 1952 1482 cele-

223 1508 477 1570 brantes
515 1514 974 1596 conspexisset,
1001 1512 1263 1596 putabat
1304 1533 1407 1574 eos
1444 1514 1505 1572 in
1549 1509 1682 1594 ejus
1730 1509 1942 1572 infeli-

218 1600 406 1660 citate
444 1598 750 1682 gaudere,
796 1600 936 1664 ideo
968 1624 1117 1662 mox
1160 1601 1554 1663 Sacrificulos
1590 1601 1797 1661 Sacris
1839 1603 1943 1659 in-

226 1701 431 1749 tentos
466 1692 664 1772 virgis
698 1691 907 1767 caedi,
952 1693 1288 1776 ipsumque
1321 1694 1523 1770 Apim
1569 1693 1776 1752 Deum
1816 1690 1948 1751 Ae-

226 1782 594 1862 gyptiorum
630 1804 773 1843 ense
815 1780 1122 1843 transfodi
1155 1781 1370 1865 jussit,
1426 1804 1495 1842 ac
1533 1783 1793 1864 insuper
1832 1803 1946 1839 an—
1982 1792 1988 1795 ⁷

226 1869 606 1931 niversalem
648 1886 805 1955 quot
833 1875 1007 1932 annis
1040 1871 1208 1932 diem
1240 1875 1480 1935 servari
1511 1871 1850 1955 praecepit.
1879 1869 1943 1950 b)

224 1961 444 2041 Itaque
464 1973 668 2020 tantus
687 1976 1044 2022 contemtor
1079 1961 1424 2044 religionis,
1462 1963 1499 2019 J
1505 1959 1733 2021 udaeos
1756 1963 1945 2021 etiam

225 2046 430 2109 edicto
474 2047 762 2110 cohibuit
792 2074 871 2112 ne
906 2051 1213 2135 templum
1260 2049 1747 2113 reaedificarent.
1798 2051 1945 2110 Pari

222 2137 597 2200 crudelitate
646 2143 836 2202 etiam
896 2139 1160 2200 fratrem
1208 2144 1559 2215 Smerclc'm,
1621 2162 1814 2223 quem
1878 2141 1946 2198 in

224 2225 454 2289 throno
494 2228 807 2292 sedentem
836 2232 1276 2306 somniaverat,
1305 2229 1574 2292 interfici
1615 2227 1793 2311 jussit
1824 2253 1840 2307 3
1884 2229 1944 2309 c)

224 2339 497 2401 cumque
540 2340 723 2380 soror
763 2320 947 2380 simul
983 2335 1046 2381 et
1080 2342 1264 2397 uxor,
1313 2321 1566 2383 caedem
1600 2319 1815 2379 fratris
1850 2320 1946 2378 sui

225 2406 561 2489 lachrymis
612 2410 988 2493 planxisset,
1038 2409 1310 2473 furiosus
1329 2434 1443 2473 rex
1477 2432 1615 2471 eam
1640 2409 1808 2469 calce
1834 2431 1946 2492 pe-

228 2496 322 2557 dis
368 2501 481 2558 etsi
529 2499 876 2582 gravidam,
918 2504 1005 2560 ita
1040 2504 1383 2584 percussit3
1431 2514 1502 2560 ut
1536 2522 1686 2559 mox
1720 2512 1783 2559 et
1827 2501 1946 2557 im·-

225 2603 538 2648 maturam
583 2590 829 2673 prolem
857 2590 1091 2666 ederet,
1133 2606 1195 2652 et
1230 2594 1360 2676 ipsa
1410 2604 1792 2651 moreretur.
1843 2590 1939 2647 Ita

224 2680 414 2737 etiam
456 2702 656 2762 quum
696 2681 1063 2741 Ministrum
1106 2704 1285 2742 suum
1324 2685 1708 2757 Prexaspem
1745 2681 1943 2738 inter-

227 2784 518 2851 rogaret,
566 2769 721 2854 quid
759 2793 905 2831 nam
934 2771 1203 2856 populus
1227 2771 1304 2833 de
1332 2775 1466 2856 ipso
1499 2767 1812 2832 sentiret?
1847 2789 1949 2829 re-

1759 2880 1874 2944 ΡΟ-

302 3046 361 3121 (ι)
400 3049 670 3104 Herodot.
710 3052 769 3103 L.
804 3049 856 3106 3.
897 3071 942 3103 e.
978 3050 1071 3107 25.
1103 3069 1216 3122 seq.
1292 3049 1344 3116 ὂ)
1385 3052 1557 3107 idem.
1584 3052 1717 3104 ibid.
1752 3053 1952 3109 Justin.

387 3121 448 3169 L.
487 3118 537 3178 1.
576 3140 626 3176 0.
664 3122 716 3179 9,
789 3127 840 3187 c)
887 3122 1149 3181 Herodot.
1188 3125 1248 3178 L.
1295 3120 1344 3174 3.
1383 3142 1425 3175 c.
1468 3121 1553 3179 30.
1592 3142 1746 3196 seqq.
