2048 3786
638 191 1041 249 Macedon
1065 215 1197 251 um.
1568 200 1691 259 549

95 374 223 452 ipse
253 367 712 454 expeditionem
748 371 812 427 in
847 371 1114 429 Persiam
1141 376 1437 453 suscepit,
1467 399 1587 458 qua
1618 380 1785 440 nulla

96 461 159 515 in
198 459 491 517 Historiis
528 459 659 518 sive
696 455 1047 539 gloriosior,
1096 461 1226 518 sive
1266 460 1570 523 illustrior
1612 470 1785 528 inve-

94 549 287 611 nitur.
354 548 709 604 Alexander
749 547 916 606 enim
963 548 1171 627 primo
1204 570 1354 608 vere
1403 571 1543 609 cum
1570 558 1788 636 exigua

94 632 389 717 quidem,
437 633 543 694 sed
590 648 1034 695 veteranorum
1083 634 1356 695 militum
1404 660 1624 713 manu,
1691 657 1785 703 tot

94 723 405 804 tantisque
432 723 720 805 gentibus
738 721 1123 805 perdomitiS,
1144 724 1223 783 ab
1244 726 1377 806 ipso
1420 726 1789 810 Hellespon-

92 825 177 885 to,
222 810 298 869 ad
355 810 540 870 Indos
575 833 772 892 usque
816 812 1101 870 victricia
1155 835 1329 872 arma
1387 816 1788 878 circumtulit.

91 901 169 957 Et
201 898 454 981 quidem
488 898 562 958 ad
613 903 925 958 Sestonem
960 900 1185 960 urbem
1210 905 1578 985 perveniens
1601 952 1614 979 ,
1655 909 1787 988 pri-

90 1009 196 1047 mo
225 989 569 1049 exercitum
599 987 991 1071 explicabat,
1017 1010 1085 1046 ac
1104 988 1179 1047 ad
1211 993 1553 1049 Granicum
1585 994 1783 1076 Phry-

95 1078 229 1158 giae
263 1099 527 1152 amnem,
552 1079 827 1160 primum
845 1077 1266 1138 decretorium
1290 1080 1595 1162 praelium
1616 1105 1786 1144 com-

90 1165 466 1226 mittendum
503 1165 822 1227 decrevit:
871 1166 981 1225 ubi
1030 1169 1213 1225 etiam
1253 1169 1319 1247 a)
1368 1170 1586 1230 Persae
1638 1194 1781 1231 cum

88 1251 357 1314 nefando
391 1258 670 1314 exercitu
701 1277 925 1337 magna
948 1252 1121 1314 clade
1151 1255 1373 1331 affecti,
1399 1263 1610 1318 castris
1633 1283 1785 1320 exu—

90 1345 171 1417 ti,
204 1356 266 1402 et
311 1345 459 1402 victi
485 1358 644 1402 sunt.
694 1344 822 1402 Ubi
849 1345 1147 1402 victoriae
1185 1348 1533 1424 praemium
1553 1346 1672 1407 fuit
1696 1349 1786 1410 fe-

88 1453 160 1490 re
206 1444 335 1490 tota
398 1424 552 1490 Asia
612 1431 871 1491 coloniis
921 1432 1309 1492 Graecorum
1355 1433 1780 1517 frequentata:

90 1541 220 1601 quo
255 1533 567 1603 tempore,
613 1523 906 1578 Memnon
925 1523 1209 1579 Rhodias
1236 1524 1485 1584 natione
1523 1526 1779 1606 quidem

85 1608 360 1668 Graecus
382 1655 398 1683 ‚
440 1607 546 1668 sed
582 1631 749 1667 nunc
774 1612 979 1667 Darii
1026 1613 1584 1691 praestantissimus
1615 1615 1778 1689 Dux,

89 1719 124 1753 a
164 1694 339 1778 cujus
378 1697 802 1758 incolumitate
860 1700 1186 1757 Persarum
1252 1697 1500 1759 fortuna
1552 1703 1782 1780 stabat,

89 1785 314 1845 insulas
360 1786 745 1847 Graecorum
780 1788 916 1867 pari
950 1785 1202 1846 fervore
1234 1785 1642 1873 depopulatus
1677 1808 1782 1853 est.

86 1875 386 1934 Ceterum
422 1877 776 1934 Alexander
812 1873 923 1933 hac
972 1878 1238 1934 victoria
1283 1874 1359 1936 de
1428 1880 1630 1938 Persis
1683 1904 1784 1941 re-

85 1961 206 2019 lata
238 1964 399 2022 mire
445 1965 787 2038 animatus,
845 1978 1040 2022 castra
1100 1985 1206 2022 sua
1252 1985 1400 2024 mox
1451 1966 1573 2026 alio
1632 1989 1782 2028 con-

88 2064 374 2126 vertenS‚
439 2051 619 2111 brevi
713 2055 849 2134 pari
915 2052 1168 2110 fortuna
1230 2051 1660 2136 Paflagonibus
1715 2072 1780 2118 et

84 2138 554 2221 Cappadocibus
596 2142 660 2198 in
696 2139 1075 2200 deditionem
1108 2143 1395 2225 acceptiS,
1443 2165 1637 2225 quum
1662 2169 1777 2229 per

9 2276 15 2280 .
84 2227 366 2289 Ciliciam
391 2226 998 2310 proficisceretur,in
1040 2231 1474 2310 gravissimum
1490 2234 1781 2294 morbum

88 2315 344 2392 incidit3
389 2318 452 2396 b)
489 2316 594 2377 sed
639 2332 845 2379 tamen
884 2320 1168 2393 Philippi
1201 2318 1432 2379 Medici
1486 2342 1606 2404 ope
1650 2327 1776 2384 cito

83 2404 517 2464 convalescens
541 2451 557 2480 ,
603 2428 750 2465 mox
791 2407 1047 2467 alteram
1069 2429 1337 2488 pugnam
1369 2406 1783 2471 decretoriam

85 2491 163 2550 ad
202 2496 405 2552 Issam
439 2495 945 2555 committendam
982 2497 1231 2554 statuit:
1292 2497 1350 2575 c)
1407 2496 1515 2555 ubi
1575 2497 1779 2559 denuo

86 2581 309 2642 Persae
349 2583 499 2642 victi
517 2605 928 2667 ,meorumque
985 2597 1178 2642 castra
1245 2601 1541 2668 occupata
1600 2603 1777 2665 sunt3

1567 2698 1695 2758 qua

152 2863 209 2925 a)
251 2857 464 2908 Arrian.
502 2856 567 2911 L.
603 2853 648 2908 1.
684 2857 878 2928 Justin.
911 2856 974 2910 L.
1010 2857 1173 2931 1130.
1211 2860 1262 2920 6.
1296 2860 1519 2914 Diodor.
1559 2862 1664 2915 Sic.
1690 2861 1780 2916 17.

244 2948 288 2978 c.
325 2926 409 2982 19,
450 2944 598 2997 seqq.
639 2925 692 2991 b)
723 2927 939 2980 Arrian.
977 2929 1040 2980 L.
1086 2930 1141 2984 2.
1181 2950 1224 2982 e.
1280 2930 1338 2986 4.
1376 2933 1689 2989 CurtiusL.
1726 2932 1777 2986 3.

243 3017 294 3052 o.
323 2995 603 3066 [Lausum.
644 2997 705 3049 L.
750 2997 831 3051 11.
870 3018 915 3050 e.
945 2996 994 3051 8.
1026 2998 1079 3070 c)
1114 3001 1341 3055 Diodor.
1376 3002 1542 3055 Sicul.
1580 3004 1640 3055 L.
1688 3001 1772 3056 17.

242 3088 291 3122 c.
328 3066 412 3119 33,
457 3084 567 3138 seq.
597 3068 839 3120 Curtius.
873 3069 939 3123 L.
979 3074 1026 3123 5.
1079 3090 1125 3124 c,
1156 3070 1213 3124 9.
1254 3091 1403 3145 seqq.
1454 3071 1677 3129 Arriam.
1714 3075 1778 3131 L.

242 3136 290 3190 2.
330 3137 607 3190 Plutarch.
634 3137 691 3190 in
733 3138 880 3191 Alex.
