2048 3786
295 153 419 218 256
850 166 1282 225 Historia

202 344 298 401 nis
360 347 647 426 posuisse.
709 346 1044 408 Habebam:
1079 349 1339 432 quidem
1396 343 1732 412 Chinenses
1771 368 1912 429 per-

201 445 521 494 vetustum
558 433 798 495 librum
843 436 1107 497 Sacrum
1147 439 1490 515 Sclzakitzg,
1525 438 1634 519 qui
1663 433 1807 496 inde
1835 437 1912 496 ab

195 520 319 578 ιῙαο
365 523 617 583 initium
639 528 861 608 gentis,
907 548 1105 609 usque
1143 525 1219 586 acl
1244 529 1604 605 Pingvang,
1650 546 1757 585 seu
1784 527 1914 584 Ro-

191 629 329 670 mae
362 611 649 675 conditae
690 628 974 691 aetatem,
1015 615 1345 676 historiam
1388 616 1643 674 Sacram
1661 628 1723 674 et
1761 635 1910 697 pro—

189 696 399 759 fanam
445 706 803 785 pertexuit,
868 718 1075 766 tamen
1122 719 1185 765 et
1220 703 1319 763 hic
1347 704 1511 764 liber
1545 718 1910 785 temporum

193 785 461 870 injuria,
509 796 748 851 variam
783 792 988 853 labem
1049 807 1112 855 et
1171 794 1492 877 religionis
1531 791 1911 854 detrimenta

197 898 409 958 passus
450 894 556 940 est.
649 881 839 965 Cujus
889 897 1097 944 tamen
1144 881 1493 966 fragmenta
1543 905 1706 941 anno
1765 894 1911 940 ante

198 962 306 1023 Ch.
354 970 500 1027 484.
549 972 611 1028 in
647 994 843 1029 unum
877 972 1243 1055 compilavit
1278 975 1619 1049 Confeceizcs
1643 970 1910 1031 celebris

197 1051 599 1117 Chinensium
620 1057 1051 1140 Philosophus,
1076 1059 1213 1142 (qui
1234 1063 1503 1144 primam
1537 1061 1738 1121 lucem
1763 1080 1916 1119 con-

192 1146 397 1224 spexit
440 1170 604 1206 anno
665 1162 806 1209 ante
833 1147 940 1207 Ch.
993 1150 1167 1228 550.)
1216 1150 1330 1208 sub
1387 1150 1570 1208 titulo
1615 1150 1911 1227 Kongfa—

206 1235 356 1289 Tsee
382 1281 397 1310 ,
454 1239 562 1318 qui
602 1261 720 1320 pro
766 1260 872 1296 sua
915 1239 1254 1320 sapientia,
1301 1235 1629 1297 hominum
1668 1258 1911 1312 moreS,

189 1341 539 1407 corumque
554 1325 631 1386 de
655 1326 961 1410 religione
983 1329 1353 1387 sentimenta
1375 1325 1707 1387 emendare
1723 1347 1912 1385 cona-

187 1409 541 1492 batur3ideo
557 1416 790 1477 allectis
807 1416 926 1476 sibi
945 1415 1318 1499 quibusdam
1336 1417 1656 1499 sagatioris
1673 1417 1909 1500 ingenii

188 1496 582 1583 hominibus;
630 1505 992 1567 emendatae
1010 1505 1332 1589 religionis
1347 1507 1660 1589 principia
1695 1503 1909 1589 publi-

184 1612 256 1651 ce
279 1590 508 1656 docere
532 1599 776 1679 coepit:
815 1597 1018 1656 Deum
1036 1617 1164 1655 esse
1195 1598 1471 1671 unicum,
1495 1617 1769 1678 eumque
1793 1617 1898 1655 ae-

187 1694 461 1759 ternum,
503 1687 1436 1768 omnipotentem,omniscium,
1480 1684 1734 1769 justum,
1771 1706 1908 1744 om-

186 1770 503 1854 nibusque
542 1774 1037 1857 perfectionibus
1089 1775 1432 1860 pollentem
1450 1800 1464 1852 3
1535 1777 1599 1832 in
1661 1796 1724 1834 se
1773 1776 1907 1834 exi-

185 1874 472 1939 stentem,
499 1885 568 1923 ac
600 1866 878 1924 universi
905 1865 1081 1924 orbis
1120 1863 1743 1948 providentissimum
1773 1863 1908 1922 Gu-

184 1948 626 2028 bernatorem,
677 1954 817 2014 ideo
850 1977 973 2036 qua
1021 1954 1228 2030 talem,
1273 1977 1517 2014 summo
1555 1953 1728 2012 cultu
1752 1952 1906 2013 ado-

186 2039 456 2100 randum
493 2064 659 2121 esse,
702 2046 784 2102 ita
822 2057 1064 2104 tamen:
1109 2059 1181 2102 ut
1227 2043 1429 2104 eidem
1464 2046 1596 2103 sine
1640 2042 1769 2102 fixo
1811 2044 1900 2100 ri-

185 2144 289 2204 ttl,
328 2131 564 2214 templo
589 2178 603 2207 ,
651 2155 719 2192 ac
758 2133 1101 2210 MinistriS,
1144 2131 1466 2192 Sacrificia'
1496 2155 1612 2215 per
1654 2133 1900 2214 Regem

183 2221 438 2280 nomine
483 2222 702 2305 populi
736 2222 1138 2283 offerrentur.
1190 2221 1446 2282 Moralis
1466 2222 1753 2282 doctrina
1789 2244 1904 2280 au—

184 2324 310 2371 tem
329 2331 403 2369 eo
425 2312 813 2394 pertinebat:
841 2326 910 2371 ut
934 2328 1297 2398 corruptam
1326 2335 1439 2396 per
1464 2334 1687 2396 pravas
1705 2314 1902 2371 actio-

179 2421 288 2461 nes
311 2413 600 2460 naturam
621 2426 636 2478 3
673 2400 749 2460 ad
778 2404 1172 2484 primaevum
1197 2417 1424 2461 statum
1444 2400 1772 2462 hominum
1797 2402 1898 2461 re-

178 2491 452 2549 duceret.
504 2491 735 2550 Docuit
754 2505 1078 2574 praeterea
1100 2494 1497 2554 existentiam
1533 2494 1894 2576 spirituum,

181 2582 293 2663 qui
339 2593 658 2663 tamquam
702 2583 979 2661 minores
1018 2583 1142 2658 Dii,
1185 2581 1604 2657 societatibus,
1638 2595 1701 2642 et
1737 2603 1891 2665 pro-

177 2670 403 2729 vinciis
430 2715 444 2740 ‚
478 2673 794 2754 variisque
828 2672 1017 2732 rebus
1065 2674 1288 2733 creatis
1334 2685 1704 2757 praeessent.
1755 2671 1896 2730 An-

178 2761 356 2842 tiqua
398 2755 547 2820 haec
595 2758 1003 2822 Chinensium
1064 2762 1289 2845 religio
1341 2761 1417 2821 ad
1471 2785 1564 2819 an.
1631 2757 1738 2820 Ch.
1786 2761 1887 2821 65.

178 2862 420 2907 mutata
460 2863 583 2926 est,
632 2873 760 2933 quo
801 2864 1086 2935 tempore
1128 2855 1219 2909 Fo
1267 2866 1338 2911 ut
1360 2873 1723 2935 supremum
1759 2849 1893 2907 Nu-

177 2959 322 2997 men
374 2942 689 3021 apparuit,
711 2936 966 3023 ipseque
990 2940 1155 3001 solus
1189 2939 1440 3001 adorari
1465 2939 1683 2999 voluit.
1737 2939 1892 2999 Cre-

180 3024 482 3087 diderunt
512 3031 683 3089 enim
717 3026 882 3090 bunc
933 3034 1025 3088 Fo
1066 3028 1389 3115 cujusdam
1420 3032 1584 3113 regis
1615 3026 1888 3088 Chinen-

1723 3138 1801 3177 sis
