2048 3786
671 216 1153 270 Persarum.
1555 211 1675 269 217

75 395 282 478 posuit
306 394 592 454 Minister
609 415 624 469 3
665 391 871 450 omnia
889 388 1069 464 bene,
1091 386 1196 448 sed
1229 385 1292 447 id
1316 389 1574 448 unicum
1606 390 1764 452 vitio

72 483 248 556 dant,
299 481 469 564 quod
510 483 656 539 vino
684 479 915 561 largius
960 476 1308 559 indulgeat!
1356 479 1456 534 cui
1496 476 1572 533 ad
1619 475 1768 537 haec

74 593 198 631 rex
230 571 428 629 dixit:
477 567 798 628 testaberis
839 565 1071 649 populo
1097 611 1111 639 ,
1159 563 1331 647 quod
1364 564 1511 623 licet
1546 567 1771 623 vinum

72 657 235 743 justo
271 657 406 742 plus
429 655 726 731 hauriam,
766 677 945 714 usum
981 668 1185 713 tamen
1224 654 1480 711 rationis
1525 672 1770 733 semper

73 749 410 823 retineam,
458 747 567 827 qui
607 747 792 805 etiam
822 757 893 801 ut
934 740 1218 801 haustum
1242 743 1459 799 vinum
1492 739 1612 799 sibi
1655 743 1773 800 mi-

78 838 245 895 nime
279 836 558 894 nocuisse
584 829 971 907 ostenderet,
1017 829 1219 889 filium
1255 830 1531 889 Ministri
1576 830 1640 887 in
1665 851 1776 886 au-

77 923 137 980 la
176 937 469 996 stantem,
518 937 770 1006 accepto
809 941 978 994 armi,
1029 932 1154 978 tam
1200 918 1457 978 dextere
1493 915 1777 999 trajecit,

73 1024 143 1068 ut
183 1032 292 1070 cor
331 1009 621 1070 bifariam
679 1009 1106 1084 scinderetur,
1176 1005 1347 1091 quod
1387 1008 1650 1089 impium
1681 1004 1776 1063 fa-

72 1114 243 1158 ctum
279 1099 637 1182 imprudens
696 1113 873 1182 pater
913 1097 1196 1156 laudibus
1227 1096 1524 1168 efferens,
1574 1093 1768 1152 dixis-

74 1209 136 1248 se
190 1186 428 1248 fertur:
463 1209 576 1249 nec
631 1190 835 1270 ipsum
878 1185 1246 1269 Apollinem
1295 1180 1518 1245 melius
1570 1196 1770 1241 tactu—

74 1299 232 1335 rum.
295 1275 569 1336 Tandem
602 1279 990 1336 saevissimus
1047 1289 1363 1355 tyrannuS,
1405 1271 1607 1331 turbis
1654 1270 1768 1330 do-

75 1367 163 1423 mi
201 1367 468 1440 exortiS,
510 1364 764 1424 domum
825 1378 1184 1438 revocatus,
1230 1365 1294 1421 in
1331 1363 1558 1421 itinere
1609 1362 1674 1418 in
1708 1381 1773 1419 e-

78 1476 272 1536 quum
296 1453 590 1528 insilienS,
612 1456 872 1537 proprio
897 1451 1101 1534 gladio
1119 1454 1341 1533 vagina
1365 1449 1616 1524 nudato,
1635 1448 1777 1507 vul-

64 1533 327 1601 'neratus
368 1541 528 1601 obiit
559 1566 608 1601 a.
649 1557 790 1602 ante
841 1540 947 1600 Ch.
995 1542 1136 1601 521.
1180 1562 1247 1598 ac
1273 1538 1604 1599 masculam
1628 1540 1778 1598 Per-

77 1630 350 1689 sidarum
384 1633 643 1714 stirpem
689 1632 949 1691 interitu
986 1650 1095 1690 suo
1137 1627 1356 1687 finivit.
1392 1628 1458 1707 a)

237 1721 783 1778 Pseudo-Smerclis
808 1734 947 1803 post
961 1731 1231 1777 mortem
1260 1716 1602 1792 Cambysis,
1625 1735 1772 1773 cau-

82 1827 146 1865 sa
186 1808 515 1867 turbarum
562 1822 695 1869 erat
724 1811 1056 1881 Patizites,
1101 1808 1211 1888 qui
1243 1828 1278 1863 a
1318 1806 1618 1879 Cambyse
1649 1801 1775 1885 jam.

77 1896 254 1954 antea
293 1897 524 1955 vicaria
553 1910 854 1978 potestate
884 1896 1268 1977 gubernator
1287 1895 1676 1965 constitutus,
1704 1912 1776 1950 ea

80 1982 253 2043 abuti
295 1986 518 2066 coepit,
542 1984 924 2068 fratremque
948 2005 1129 2043 suum
1168 1984 1474 2040 Smerdc‘m
1493 1980 1769 2060 Magum,

79 2074 281 2131 occiso
316 2076 561 2131 Smercli
583 2074 985 2147 simillimum,
1024 2075 1088 2130 in
1124 2070 1350 2131 solium
1383 2065 1650 2129 evehere
1674 2088 1780 2127 co-

81 2161 380 2237 nabatur,
427 2185 550 2244 qua
592 2161 1045 2221 machinatione
1084 2159 1486 2233 succedente,
1532 2171 1604 2215 ut
1634 2177 1782 2239 sup-

82 2252 315 2332 positus
377 2248 477 2309 hic
537 2254 814 2309 Smerclis
861 2254 922 2309 in
973 2247 1202 2309 throno
1276 2247 1669 2321 firmaretur,
1716 2265 1780 2307 se

79 2336 391 2398 Eunuchis
419 2354 620 2398 totum
655 2338 1062 2413 concredidit,
1111 2340 1170 2420 b)
1213 2359 1419 2419 neque
1466 2337 1530 2392 in
1571 2332 1783 2418 publi-

78 2447 221 2484 cum
260 2427 577 2508 prodivit3
629 2451 823 2510 quare
877 2427 1135 2514 plurimi
1174 2428 1505 2509 sagatiores
1558 2426 1623 2483 in
1648 2446 1782 2482 eam

81 2530 393 2574 venerunt
436 2519 888 2599 suspicionem,
935 2531 1006 2575 ut
1042 2539 1206 2589 eum,
1261 2516 1586 2590 Cambysis
1661 2509 1787 2570 fra-

84 2616 246 2662 trem
284 2625 410 2664 esse
452 2603 830 2665 dubitarent.
880 2611 1099 2687 Itaque
1140 2604 1691 2661 PseacZo-Smerclis
1718 2615 1789 2660 ut

81 2713 416 2774 procerum
451 2692 771 2752 molimina
807 2694 929 2755 alio
971 2707 1303 2767 averteret,
1351 2705 1622 2774 quatuor
1665 2687 1782 2749 du-

1607 2793 1702 2836 xit

151 2971 210 3033 a)
254 2969 514 3033 Herodot,
563 2971 624 3025 L.
660 2967 709 3022 3.
749 2988 792 3022 o.
829 2967 910 3022 64.
951 2971 1152 3027 Jusn‘n.
1195 2973 1254 3024 L.
1293 2971 1341 3028 1.
1381 2992 1428 3027 ο.
1476 2972 1527 3027 9.
1558 2972 1776 3026 Strabo.

242 3040 305 3093 L.
343 3038 424 3091 15.
460 3058 488 3090 a
520 3041 689 3110 Magis
723 3042 999 3094 sublatum
1018 3043 1170 3098 dicit.
1247 3041 1299 3108 h)
1342 3045 1604 3096 Herodot.
1645 3045 1708 3099 L.
1737 3041 1787 3095 3.

245 3129 291 3160 c.
341 3108 431 3164 61.
469 3128 617 3181 seqq.
