2912 4368
163 3089 174 3098 ,ι

124 3225 125 3233 i
148 3220 178 3242 [μ’

210 3143 231 3339 {j

226 3151 229 3165 Ι

220 3305 232 3348 ῑῐ

212 3354 223 3477 ΓΙ

220 3463 235 3518 f}

220 3532 222 3550 Ι

220 3554 223 3577 ι

212 3378 215 3401 l

792 407 1366 462 stIacedonzcm.
1780 406 1902 465 551

477 585 682 641 Causa
708 582 1146 643 destructionis
1181 586 1426 666 imperii
1464 587 1689 645 Persici
1731 609 1856 648 non
1887 589 2004 645 mi-

310 693 426 731 nus
467 674 700 732 virtute
727 674 1074 730 Alexandri
1107 671 1196 731 M.
1221 692 1291 731 ac
1331 674 1563 731 invicto
1596 674 2007 734 Macedonum

314 760 565 835 robori,
605 783 793 842 quarn
832 762 1028 820 nimio
1077 761 1284 818 Darii
1344 759 1557 818 ardori
1599 760 2005 820 adscribitur:

313 851 610 930 quoniam
661 847 1051 909 decessorum
1111 868 1370 906 suorum
1414 850 1665 931 optimis
1714 850 2010 909 institutis

312 936 642 1019 neglectis,
690 939 872 996 unice
914 935 1152 997 bellum
1199 933 1484 1011 trahere,
1536 949 2011 1019 commeatuque

314 1024 719 1086 interclusum
753 1023 991 1085 hostem
1038 1023 1361 1108 frangere,
1410 1039 1516 1083 aut
1541 1025 1756 1086 saltem
1788 1023 2012 1085 debili-

316 1128 446 1174 tare
471 1112 846 1197 neglexisset
888 1117 1154 1172 Darius.
1208 1113 1510 1173 Similiter
1546 1128 1609 1174 et
1657 1135 1828 1174 mors
1875 1116 2017 1171 Me-

315 1206 556 1261 mnonis
593 1205 831 1261 Rhodii
849 1203 1566 1286 praestantissimiDucis
1602 1201 2014 1286 irreparabile

315 1290 547 1349 malum
589 1292 840 1353 Persico
876 1293 1141 1376 imperio
1179 1290 1404 1350 attulit.
1445 1289 1558 1351 Ille
1615 1294 1784 1351 enim
1833 1293 2014 1351 initio

319 1379 466 1440 belli
502 1401 643 1439 cum
687 1383 882 1464 copiis
920 1395 982 1441 et
1018 1382 1280 1464 pecunia
1319 1382 1385 1438 in
1422 1379 1747 1439 Graeciam
1794 1394 2018 1441 ventu-

320 1491 466 1543 ruS,
510 1483 581 1527 ut
625 1469 813 1530 urbes
858 1472 924 1528 in
961 1492 1023 1530 se
1068 1471 1340 1529 invicem
1367 1470 1745 1542 concitaret,
1813 1469 2017 1553 inspe-

318 1573 453 1616 rata
491 1571 694 1618 morte
740 1557 915 1618 obiit.
991 1559 1255 1618 Interim
1313 1578 1455 1616 cum
1523 1560 1879 1615 Alexandro
1932 1558 2019 1617 M.

319 1647 511 1728 periit
557 1648 744 1707 etiam
807 1649 1008 1706 omnis
1076 1645 1551 1729 gloriosissimae
1607 1644 2024 1729 expeditionis

320 1733 576 1794 fructus„
601 1734 757 1794 Nam
792 1734 895 1796 ille
915 1737 1210 1810 morienS,
1243 1757 1439 1817 quum
1480 1733 1723 1794 nullum
1741 1733 1860 1793 sibi
1889 1754 2031 1792 suc-

320 1845 626 1884 cessorem
659 1823 1051 1906 designasset,
1075 1846 1222 1885 mox
1254 1825 1420 1883 inter
1440 1821 1841 1884 Macedoniae
1879 1843 2030 1903 pro-

318 1933 490 1973 ceres
515 1926 576 1972 et
600 1910 785 1973 duces
824 1935 1042 1996 graves
1079 1914 1528 1987 contentiones,
1565 1912 1631 1993 a)
1654 1910 1780 1970 imo
1800 1932 2031 1970 cruen-

321 2015 382 2059 ta
431 2015 611 2062 enata
652 2017 795 2061 sunt
848 2001 1045 2062 bella:
1130 2001 1359 2083 quibus
1408 1999 1779 2060 durantibus
1818 2013 2035 2082 gentes

321 2088 481 2162 illae,
516 2112 675 2171 quae
695 2104 860 2150 trans
881 2088 1265 2172 Euphratem
1286 2093 1363 2147 ad
1395 2091 1703 2149 orientem
1725 2100 2029 2170 spectant,

320 2181 386 2236 in
425 2175 802 2239 Parthorum
838 2178 1142 2240 ditionem
1166 2177 1524 2251 translatae,
1563 2180 1777 2258 ingens
1823 2174 2028 2236 denuo

319 2287 585 2347 regnum
623 2265 1000 2327 Parthorum
1041 2266 1497 2349 produxerunt.
1530 2267 1605 2324 In
1641 2263 1900 2345 reliquis
1921 2286 2030 2321 au-

322 2370 447 2415 tem
487 2357 829 2436 provinciis
855 2356 1123 2415 subactis
1147 2402 1163 2430 ‚
1211 2354 1287 2414 de
1327 2375 1492 2413 novo
1534 2375 1684 2435 rege
1741 2350 2029 2433 eligendo

318 2442 575 2503 consilia
609 2465 716 2502 sua
745 2444 1181 2520 contulerunt3
1212 2442 1317 2503 sed
1358 2445 1504 2524 quia
1536 2443 1736 2501 Duces
1773 2441 1891 2499 sibi
1940 2444 2038 2497 inn

323 2533 528 2592 vicem
574 2553 875 2592 summam
916 2533 1285 2615 dignitatem
1318 2530 1714 2604 invidere-nt,
1781 2527 2032 2588 tandem

325 2622 646 2680 communi
702 2636 850 2680 voto
898 2635 1285 2696 statuerunt,
1367 2634 1438 2678 ut
1476 2622 1791 2676 Aridaeccs
1838 2615 2035 2675 frater

326 2711 673 2767 Alexandri
714 2724 954 2768 mutato
988 2713 1241 2770 nomine
1267 2708 1288 2787 (
1313 2709 1640 2785 Philippus
1670 2705 1869 2765 dictus
1896 2708 1915 2786 >
1938 2727 2040 2764 rew

324 2798 414 2880 gis
462 2797 645 2857 titulo
671 2813 1033 2873 ornaretur,
1082 2798 1142 2877 b)
1165 2796 1267 2858 sed
1296 2799 1408 2854 ita:
1448 2810 1517 2854 ut
1540 2798 1617 2868 ei,
1663 2796 1853 2855 etiam
1891 2796 2037 2852 Ale*

327 2889 562 2944 xandri
581 2908 659 2947 ex
683 2889 955 2945 Roxane
1000 2908 1199 2946 uxore
1233 2885 1447 2963 (Darii
1471 2882 1703 2945 devicti
1734 2879 1902 2962 filia)
1932 2904 2043 2939 na-r

1211 2976 1264 3034 Z
1835 2974 1950 3030 sci-

396 3186 457 3249 a)
492 3182 720 3238 Diodor.
758 3181 929 3237 siaul.
968 3182 1035 3237 L.
1076 3178 1158 3236 18.
1183 3179 1298 3236 0.,‘2.
1339 3179 1560 3231 Curtius
1596 3177 1658 3233 L.
1683 3174 1834 3232 10.c.
1859 3175 1920 3227 6.
1943 3176 2040 3253 Ju-

488 3255 705 3378 {iffifss'
748 3251 831 3375 ἓ
882 3273 927 3309 c.
961 3251 1019 3309 2,
1051 3250 1107 3325 b)
1144 3252 1365 3305 Curtius
1416 3250 1482 3304 L.
1532 3247 1619 3302 10.
1665 3268 1720 3308 c,
1757 3246 1807 3299 7.
1848 3247 2047 3297 Justin,
