<?xml version="1.0" encoding="UTF-8"?>
<!DOCTYPE html PUBLIC "-//W3C//DTD XHTML 1.0 Transitional//EN"
    "http://www.w3.org/TR/xhtml1/DTD/xhtml1-transitional.dtd">
<html xmlns="http://www.w3.org/1999/xhtml" xml:lang="en" lang="en">
 <head>
  <title>
</title>
<meta http-equiv="Content-Type" content="text/html;charset=utf-8" />
  <meta name='ocr-system' content='tesseract 3.04.00' />
  <meta name='ocr-capabilities' content='ocr_page ocr_carea ocr_par ocr_line ocrx_word'/>
</head>
<body>
  <div class='ocr_page' id='page_1' title='image "./historiauniversa01nagy_0057.png"; bbox 0 0 2048 3786; ppageno 0'>
   <div class='ocr_carea' id='block_1_1' title="bbox 1582 221 1658 277">
    <p class='ocr_par' dir='ltr' id='par_1_1' title="bbox 1582 221 1658 277">
     <span class='ocr_line' id='line_1_1' title="bbox 1582 221 1658 277; baseline 0.013 -1"><span class='ocrx_word' id='word_1_1' title='bbox 1582 221 1658 277; x_wconf 88' lang='lat'>27</span> 
     </span>
    </p>
   </div>
   <div class='ocr_carea' id='block_1_2' title="bbox 50 387 1765 1069">
    <p class='ocr_par' dir='ltr' id='par_1_2' title="bbox 50 387 1765 1069">
     <span class='ocr_line' id='line_1_2' title="bbox 61 387 1755 467; baseline 0.003 -19"><span class='ocrx_word' id='word_1_2' title='bbox 61 387 471 449; x_wconf 82' lang='lat' dir='ltr'>leberrimum</span> <span class='ocrx_word' id='word_1_3' title='bbox 504 393 622 450; x_wconf 80' lang='lat' dir='ltr'>iter</span> <span class='ocrx_word' id='word_1_4' title='bbox 656 394 718 449; x_wconf 88' lang='lat' dir='ltr'>in</span> <span class='ocrx_word' id='word_1_5' title='bbox 756 391 1013 451; x_wconf 78' lang='lat' dir='ltr'>Indiam.</span> <span class='ocrx_word' id='word_1_6' title='bbox 1041 395 1095 451; x_wconf 80' lang='grc'>5.</span> <span class='ocrx_word' id='word_1_7' title='bbox 1128 396 1462 467; x_wconf 77' lang='lat' dir='ltr'>Dmm‘cztct,</span> <span class='ocrx_word' id='word_1_8' title='bbox 1510 417 1616 454; x_wconf 89' lang='lat' dir='ltr'>seu</span> <span class='ocrx_word' id='word_1_9' title='bbox 1641 400 1755 453; x_wconf 75' lang='lat' dir='ltr'>Pe-</span> 
     </span>
     <span class='ocr_line' id='line_1_3' title="bbox 65 479 1756 564; baseline 0.005 -30"><span class='ocrx_word' id='word_1_10' title='bbox 65 479 332 554; x_wconf 73' lang='lat' dir='ltr'>lusium,</span> <span class='ocrx_word' id='word_1_11' title='bbox 384 494 574 560; x_wconf 87' lang='lat' dir='ltr'>portu</span> <span class='ocrx_word' id='word_1_12' title='bbox 603 482 860 564; x_wconf 76' lang='lat' dir='ltr'>insignis</span> <span class='ocrx_word' id='word_1_13' title='bbox 883 526 897 552; x_wconf 83' lang='grc'>,</span> <span class='ocrx_word' id='word_1_14' title='bbox 941 505 1129 562; x_wconf 85' lang='lat' dir='ltr'>quam</span> <span class='ocrx_word' id='word_1_15' title='bbox 1174 485 1453 540; x_wconf 76' lang='lat' dir='ltr'>Andreas</span> <span class='ocrx_word' id='word_1_16' title='bbox 1488 485 1575 540; x_wconf 89' lang='lat' dir='ltr'>Il.</span> <span class='ocrx_word' id='word_1_17' title='bbox 1618 484 1756 542; x_wconf 82' lang='lat' dir='ltr'>Rex</span> 
     </span>
     <span class='ocr_line' id='line_1_4' title="bbox 65 565 1761 653; baseline 0.003 -30"><span class='ocrx_word' id='word_1_18' title='bbox 65 565 422 646; x_wconf 78' lang='lat' dir='ltr'>Hungariae</span> <span class='ocrx_word' id='word_1_19' title='bbox 458 591 507 624; x_wconf 83' lang='lat' dir='ltr'>a.</span> <span class='ocrx_word' id='word_1_20' title='bbox 553 571 733 627; x_wconf 81' lang='lat'>1218.</span> <span class='ocrx_word' id='word_1_21' title='bbox 756 573 1166 650; x_wconf 78' lang='lat' dir='ltr'>expugnavit:</span> <span class='ocrx_word' id='word_1_22' title='bbox 1206 569 1354 628; x_wconf 86' lang='lat' dir='ltr'>olim</span> <span class='ocrx_word' id='word_1_23' title='bbox 1378 569 1476 629; x_wconf 85' lang='lat' dir='ltr'>hic</span> <span class='ocrx_word' id='word_1_24' title='bbox 1504 571 1761 653; x_wconf 85' lang='lat' dir='ltr'>Sapien-</span> 
     </span>
     <span class='ocr_line' id='line_1_5' title="bbox 69 654 1761 732; baseline 0.003 -21"><span class='ocrx_word' id='word_1_25' title='bbox 69 667 201 711; x_wconf 84' lang='lat' dir='ltr'>tum</span> <span class='ocrx_word' id='word_1_26' title='bbox 239 654 437 713; x_wconf 82' lang='lat' dir='ltr'>studia</span> <span class='ocrx_word' id='word_1_27' title='bbox 468 654 831 714; x_wconf 78' lang='lat' dir='ltr'>floruerunt.</span> <span class='ocrx_word' id='word_1_28' title='bbox 868 661 923 714; x_wconf 80' lang='lat'>4.</span> <span class='ocrx_word' id='word_1_29' title='bbox 951 662 1206 731; x_wconf 76' lang='lat' dir='ltr'>Suesia,</span> <span class='ocrx_word' id='word_1_30' title='bbox 1234 661 1569 732; x_wconf 72' lang='lat' dir='ltr'><em>Posidium,</em></span> <span class='ocrx_word' id='word_1_31' title='bbox 1607 659 1761 716; x_wconf 79' lang='lat' dir='ltr'>urbs</span> 
     </span>
     <span class='ocr_line' id='line_1_6' title="bbox 64 742 1761 806; baseline 0.004 -8"><span class='ocrx_word' id='word_1_32' title='bbox 64 742 548 801; x_wconf 87' lang='lat' dir='ltr'>mercimonialis</span> <span class='ocrx_word' id='word_1_33' title='bbox 592 746 781 804; x_wconf 87' lang='lat' dir='ltr'>Asiae</span> <span class='ocrx_word' id='word_1_34' title='bbox 829 749 1233 806; x_wconf 85' lang='lat' dir='ltr'>contermina.</span> <span class='ocrx_word' id='word_1_35' title='bbox 1273 747 1624 806; x_wconf 76' lang='lat' dir='ltr'>5.Aziruth</span> <span class='ocrx_word' id='word_1_36' title='bbox 1651 747 1761 804; x_wconf 86' lang='lat' dir='ltr'>ubi</span> 
     </span>
     <span class='ocr_line' id='line_1_7' title="bbox 50 829 1764 918; baseline 0.001 -28"><span class='ocrx_word' id='word_1_37' title='bbox 50 829 374 890; x_wconf 51' lang='lat' dir='ltr'>&gt;israelitae</span> <span class='ocrx_word' id='word_1_38' title='bbox 424 855 537 914; x_wconf 85' lang='lat' dir='ltr'>per</span> <span class='ocrx_word' id='word_1_39' title='bbox 571 856 741 892; x_wconf 78' lang='lat' dir='ltr'>mare</span> <span class='ocrx_word' id='word_1_40' title='bbox 801 835 1065 894; x_wconf 81' lang='lat' dir='ltr'>rubrum</span> <span class='ocrx_word' id='word_1_41' title='bbox 1110 836 1272 894; x_wconf 86' lang='lat' dir='ltr'>sicco</span> <span class='ocrx_word' id='word_1_42' title='bbox 1331 836 1488 918; x_wconf 83' lang='lat' dir='ltr'>pede</span> <span class='ocrx_word' id='word_1_43' title='bbox 1558 848 1764 892; x_wconf 81' lang='lat' dir='ltr'>trans—</span> 
     </span>
     <span class='ocr_line' id='line_1_8' title="bbox 73 919 1765 998; baseline 0.004 -25"><span class='ocrx_word' id='word_1_44' title='bbox 73 919 341 976; x_wconf 86' lang='lat' dir='ltr'>iverunt.</span> <span class='ocrx_word' id='word_1_45' title='bbox 414 923 469 982; x_wconf 75' lang='grc'>6.</span> <span class='ocrx_word' id='word_1_46' title='bbox 547 924 858 998; x_wconf 65' lang='grc' dir='ltr'>Τᾳρῆ-ηἱε,</span> <span class='ocrx_word' id='word_1_47' title='bbox 914 945 1022 982; x_wconf 90' lang='lat' dir='ltr'>seu</span> <span class='ocrx_word' id='word_1_48' title='bbox 1089 926 1319 981; x_wconf 75' lang='lat' dir='ltr'>Cathia</span> <span class='ocrx_word' id='word_1_49' title='bbox 1346 969 1361 996; x_wconf 85' lang='lat'>‚</span> <span class='ocrx_word' id='word_1_50' title='bbox 1417 923 1565 991; x_wconf 88' lang='lat' dir='ltr'>olim</span> <span class='ocrx_word' id='word_1_51' title='bbox 1609 921 1765 983; x_wconf 81' lang='lat' dir='ltr'>Pha-</span> 
     </span>
     <span class='ocr_line' id='line_1_9' title="bbox 68 1007 559 1069; baseline 0.008 -7"><span class='ocrx_word' id='word_1_52' title='bbox 68 1027 334 1067; x_wconf 81' lang='lat' dir='ltr'>raonum</span> <span class='ocrx_word' id='word_1_53' title='bbox 373 1007 559 1069; x_wconf 67' lang='lat' dir='ltr'>sedes</span> 
     </span>
    </p>
   </div>
   <div class='ocr_carea' id='block_1_3' title="bbox 620 1170 1251 1235">
    <p class='ocr_par' dir='ltr' id='par_1_3' title="bbox 620 1170 1251 1235">
     <span class='ocr_line' id='line_1_10' title="bbox 620 1170 1251 1235; baseline 0.006 -5"><span class='ocrx_word' id='word_1_54' title='bbox 620 1170 726 1230; x_wconf 86' lang='lat' dir='ltr'>DE</span> <span class='ocrx_word' id='word_1_55' title='bbox 761 1172 1251 1235; x_wconf 87' lang='lat' dir='ltr'><strong>AETHIOPIA.</strong></span> 
     </span>
    </p>
   </div>
   <div class='ocr_carea' id='block_1_4' title="bbox 69 1321 1776 1845">
    <p class='ocr_par' dir='ltr' id='par_1_4' title="bbox 69 1321 1776 1845">
     <span class='ocr_line' id='line_1_11' title="bbox 243 1321 1769 1400; baseline 0.005 -25"><span class='ocrx_word' id='word_1_56' title='bbox 243 1321 585 1394; x_wconf 72' lang='lat' dir='ltr'><em>Aethiopia</em></span> <span class='ocrx_word' id='word_1_57' title='bbox 616 1321 678 1375; x_wconf 89' lang='lat' dir='ltr'>in</span> <span class='ocrx_word' id='word_1_58' title='bbox 701 1321 1121 1400; x_wconf 81' lang='lat' dir='ltr'>superiorem,</span> <span class='ocrx_word' id='word_1_59' title='bbox 1172 1335 1233 1379; x_wconf 89' lang='lat' dir='ltr'>et</span> <span class='ocrx_word' id='word_1_60' title='bbox 1268 1321 1633 1384; x_wconf 85' lang='lat' dir='ltr'>inferiorem</span> <span class='ocrx_word' id='word_1_61' title='bbox 1672 1323 1769 1382; x_wconf 86' lang='lat' dir='ltr'>di-</span> 
     </span>
     <span class='ocr_line' id='line_1_12' title="bbox 69 1405 1767 1493; baseline 0.002 -26"><span class='ocrx_word' id='word_1_62' title='bbox 69 1405 344 1482; x_wconf 77' lang='lat' dir='ltr'>viditur,</span> <span class='ocrx_word' id='word_1_63' title='bbox 383 1409 737 1490; x_wconf 83' lang='lat' dir='ltr'>provincias</span> <span class='ocrx_word' id='word_1_64' title='bbox 761 1421 865 1464; x_wconf 84' lang='lat' dir='ltr'>aut</span> <span class='ocrx_word' id='word_1_65' title='bbox 890 1407 1136 1465; x_wconf 79' lang='lat' dir='ltr'>Littora</span> <span class='ocrx_word' id='word_1_66' title='bbox 1173 1426 1383 1470; x_wconf 82' lang='lat' dir='ltr'>censet</span> <span class='ocrx_word' id='word_1_67' title='bbox 1422 1414 1767 1493; x_wconf 84' lang='lat' dir='ltr'>sequentia:</span> 
     </span>
     <span class='ocr_line' id='line_1_13' title="bbox 69 1496 1770 1575; baseline 0.004 -22"><span class='ocrx_word' id='word_1_68' title='bbox 69 1498 377 1569; x_wconf 62' lang='lat' dir='ltr'>Nabidem,</span> <span class='ocrx_word' id='word_1_69' title='bbox 426 1496 829 1570; x_wconf 76' lang='lat' dir='ltr'>Abyssitziam</span> <span class='ocrx_word' id='word_1_70' title='bbox 854 1541 868 1568; x_wconf 83' lang='grc'>,</span> <span class='ocrx_word' id='word_1_71' title='bbox 964 1497 1270 1573; x_wconf 73' lang='lat' dir='ltr'>Congum,</span> <span class='ocrx_word' id='word_1_72' title='bbox 1365 1502 1770 1575; x_wconf 67' lang='lat' dir='ltr'>Cast-eriam,</span> 
     </span>
     <span class='ocr_line' id='line_1_14' title="bbox 79 1584 1773 1668; baseline 0.002 -26"><span class='ocrx_word' id='word_1_73' title='bbox 79 1586 488 1662; x_wconf 71' lang='lat' dir='ltr'>Zangztebar,</span> <span class='ocrx_word' id='word_1_74' title='bbox 527 1597 588 1641; x_wconf 89' lang='lat' dir='ltr'>et</span> <span class='ocrx_word' id='word_1_75' title='bbox 610 1584 1053 1659; x_wconf 75' lang='lat' dir='ltr'>Monotapam‚</span> <span class='ocrx_word' id='word_1_76' title='bbox 1093 1585 1374 1644; x_wconf 87' lang='lat' dir='ltr'>incolunt</span> <span class='ocrx_word' id='word_1_77' title='bbox 1411 1603 1622 1668; x_wconf 80' lang='lat' dir='ltr'>gentes</span> <span class='ocrx_word' id='word_1_78' title='bbox 1676 1589 1773 1646; x_wconf 86' lang='lat' dir='ltr'>di-</span> 
     </span>
     <span class='ocr_line' id='line_1_15' title="bbox 72 1670 1776 1758; baseline 0.002 -28"><span class='ocrx_word' id='word_1_79' title='bbox 72 1694 286 1733; x_wconf 82' lang='lat' dir='ltr'>versae</span> <span class='ocrx_word' id='word_1_80' title='bbox 328 1670 695 1746; x_wconf 79' lang='lat' dir='ltr'><strong>horribiles,</strong></span> <span class='ocrx_word' id='word_1_81' title='bbox 755 1685 818 1730; x_wconf 82' lang='lat' dir='ltr'>et</span> <span class='ocrx_word' id='word_1_82' title='bbox 864 1675 1231 1734; x_wconf 83' lang='lat' dir='ltr'>servitutem</span> <span class='ocrx_word' id='word_1_83' title='bbox 1287 1698 1607 1758; x_wconf 84' lang='lat' dir='ltr'>nunquam</span> <span class='ocrx_word' id='word_1_84' title='bbox 1667 1700 1776 1737; x_wconf 78' lang='lat' dir='ltr'>ex·-</span> 
     </span>
     <span class='ocr_line' id='line_1_16' title="bbox 72 1775 1105 1845; baseline -0.002 -22"><span class='ocrx_word' id='word_1_85' title='bbox 72 1775 301 1845; x_wconf 82' lang='lat' dir='ltr'>pertae.</span> <span class='ocrx_word' id='word_1_86' title='bbox 1104 1783 1105 1787; x_wconf 74' lang='grc'>’</span> 
     </span>
    </p>
   </div>
   <div class='ocr_carea' id='block_1_5' title="bbox 71 1863 1792 3191">
    <p class='ocr_par' dir='ltr' id='par_1_5' title="bbox 71 1863 1780 2216">
     <span class='ocr_line' id='line_1_17' title="bbox 247 1863 1767 1944; baseline 0.003 -19"><span class='ocrx_word' id='word_1_87' title='bbox 247 1870 293 1925; x_wconf 95' lang='grc' dir='ltr'>Ι.</span> <span class='ocrx_word' id='word_1_88' title='bbox 345 1867 556 1923; x_wconf 77' lang='grc' dir='ltr'><em>Ναόἑα</em></span> <span class='ocrx_word' id='word_1_89' title='bbox 588 1863 664 1922; x_wconf 86' lang='lat' dir='ltr'>ad</span> <span class='ocrx_word' id='word_1_90' title='bbox 712 1865 959 1939; x_wconf 81' lang='lat' dir='ltr'>Nilum,</span> <span class='ocrx_word' id='word_1_91' title='bbox 1000 1870 1173 1942; x_wconf 79' lang='lat' dir='ltr'>auri,</span> <span class='ocrx_word' id='word_1_92' title='bbox 1220 1869 1449 1944; x_wconf 82' lang='lat' dir='ltr'>eboris,</span> <span class='ocrx_word' id='word_1_93' title='bbox 1483 1885 1543 1930; x_wconf 90' lang='lat' dir='ltr'>et</span> <span class='ocrx_word' id='word_1_94' title='bbox 1566 1873 1767 1931; x_wconf 78' lang='lat' dir='ltr'>toxici</span> 
     </span>
     <span class='ocr_line' id='line_1_18' title="bbox 71 1952 1780 2038; baseline 0.004 -25"><span class='ocrx_word' id='word_1_95' title='bbox 71 1954 277 2030; x_wconf 63' lang='lat' dir='ltr'>divae,</span> <span class='ocrx_word' id='word_1_96' title='bbox 320 1952 698 2014; x_wconf 83' lang='lat' dir='ltr'>habitatores</span> <span class='ocrx_word' id='word_1_97' title='bbox 731 1955 953 2036; x_wconf 77' lang='lat' dir='ltr'>Nigri,</span> <span class='ocrx_word' id='word_1_98' title='bbox 1015 1959 1403 2038; x_wconf 83' lang='lat' dir='ltr'>potissimum</span> <span class='ocrx_word' id='word_1_99' title='bbox 1454 1958 1780 2019; x_wconf 87' lang='lat' dir='ltr'>Mahome-</span> 
     </span>
     <span class='ocr_line' id='line_1_19' title="bbox 75 2041 1780 2131; baseline 0.004 -29"><span class='ocrx_word' id='word_1_100' title='bbox 75 2047 237 2118; x_wconf 83' lang='lat' dir='ltr'>tani,</span> <span class='ocrx_word' id='word_1_101' title='bbox 274 2058 336 2104; x_wconf 84' lang='lat' dir='ltr'>et</span> <span class='ocrx_word' id='word_1_102' title='bbox 375 2042 710 2102; x_wconf 81' lang='lat' dir='ltr'>Christiani</span> <span class='ocrx_word' id='word_1_103' title='bbox 747 2041 1034 2125; x_wconf 74' lang='lat' dir='ltr'>Cophtici</span> <span class='ocrx_word' id='word_1_104' title='bbox 1059 2091 1074 2119; x_wconf 78' lang='lat'>‚</span> <span class='ocrx_word' id='word_1_105' title='bbox 1121 2047 1271 2105; x_wconf 77' lang='lat' dir='ltr'>urbs</span> <span class='ocrx_word' id='word_1_106' title='bbox 1311 2050 1644 2131; x_wconf 82' lang='lat' dir='ltr'>praecipua</span> <span class='ocrx_word' id='word_1_107' title='bbox 1689 2063 1780 2108; x_wconf 85' lang='lat' dir='ltr'>est</span> 
     </span>
     <span class='ocr_line' id='line_1_20' title="bbox 72 2129 1186 2216; baseline 0 -25"><span class='ocrx_word' id='word_1_108' title='bbox 72 2136 383 2210; x_wconf 69' lang='lat' dir='ltr'>Dangalae</span> <span class='ocrx_word' id='word_1_109' title='bbox 409 2178 424 2206; x_wconf 86' lang='lat'>‚</span> <span class='ocrx_word' id='word_1_110' title='bbox 463 2134 723 2216; x_wconf 79' lang='lat' dir='ltr'>proprio</span> <span class='ocrx_word' id='word_1_111' title='bbox 759 2129 916 2215; x_wconf 78' lang='lat' dir='ltr'>Regi</span> <span class='ocrx_word' id='word_1_112' title='bbox 963 2133 1186 2193; x_wconf 86' lang='lat' dir='ltr'>subest.</span> 
     </span>
    </p>

    <p class='ocr_par' dir='ltr' id='par_1_6' title="bbox 75 2242 1792 3124">
     <span class='ocr_line' id='line_1_21' title="bbox 254 2242 1780 2317; baseline 0.003 -20"><span class='ocrx_word' id='word_1_113' title='bbox 254 2242 328 2298; x_wconf 85' lang='grc' dir='ltr'>Π.</span> <span class='ocrx_word' id='word_1_114' title='bbox 378 2242 713 2316; x_wconf 77' lang='lat' dir='ltr'>Abyssz&#39;nia</span> <span class='ocrx_word' id='word_1_115' title='bbox 777 2261 930 2300; x_wconf 82' lang='lat' dir='ltr'>auro</span> <span class='ocrx_word' id='word_1_116' title='bbox 979 2255 1041 2300; x_wconf 85' lang='lat' dir='ltr'>et</span> <span class='ocrx_word' id='word_1_117' title='bbox 1089 2242 1432 2301; x_wconf 73' lang='lat' dir='ltr'>unionibus</span> <span class='ocrx_word' id='word_1_118' title='bbox 1483 2242 1780 2317; x_wconf 82' lang='lat' dir='ltr'>affluens,</span> 
     </span>
     <span class='ocr_line' id='line_1_22' title="bbox 75 2327 1781 2414; baseline 0.002 -25"><span class='ocrx_word' id='word_1_119' title='bbox 75 2344 308 2389; x_wconf 79' lang='lat' dir='ltr'>terram</span> <span class='ocrx_word' id='word_1_120' title='bbox 339 2327 493 2389; x_wconf 83' lang='lat' dir='ltr'>adeo</span> <span class='ocrx_word' id='word_1_121' title='bbox 526 2327 894 2389; x_wconf 83' lang='lat' dir='ltr'>foecundam</span> <span class='ocrx_word' id='word_1_122' title='bbox 938 2327 1158 2403; x_wconf 86' lang='lat' dir='ltr'>habet,</span> <span class='ocrx_word' id='word_1_123' title='bbox 1210 2346 1280 2389; x_wconf 84' lang='lat' dir='ltr'>ut</span> <span class='ocrx_word' id='word_1_124' title='bbox 1352 2335 1415 2389; x_wconf 88' lang='lat' dir='ltr'>in</span> <span class='ocrx_word' id='word_1_125' title='bbox 1467 2332 1781 2414; x_wconf 80' lang='lat' dir='ltr'><strong>aliquibus</strong></span> 
     </span>
     <span class='ocr_line' id='line_1_23' title="bbox 75 2417 1783 2505; baseline 0.002 -30"><span class='ocrx_word' id='word_1_126' title='bbox 75 2417 222 2477; x_wconf 88' lang='lat' dir='ltr'>locis</span> <span class='ocrx_word' id='word_1_127' title='bbox 243 2463 258 2492; x_wconf 82' lang='lat'>‚</span> <span class='ocrx_word' id='word_1_128' title='bbox 296 2439 430 2477; x_wconf 61' lang='lat' dir='ltr'>&gt;uno</span> <span class='ocrx_word' id='word_1_129' title='bbox 464 2440 627 2477; x_wconf 86' lang='lat' dir='ltr'>anno</span> <span class='ocrx_word' id='word_1_130' title='bbox 658 2433 780 2478; x_wconf 84' lang='lat' dir='ltr'>tres</span> <span class='ocrx_word' id='word_1_131' title='bbox 812 2417 994 2500; x_wconf 86' lang='lat' dir='ltr'>plane</span> <span class='ocrx_word' id='word_1_132' title='bbox 1028 2442 1251 2480; x_wconf 89' lang='lat' dir='ltr'>messes</span> <span class='ocrx_word' id='word_1_133' title='bbox 1272 2421 1508 2481; x_wconf 82' lang='lat' dir='ltr'>incolae</span> <span class='ocrx_word' id='word_1_134' title='bbox 1554 2424 1783 2505; x_wconf 83' lang='lat' dir='ltr'>recipi—</span> 
     </span>
     <span class='ocr_line' id='line_1_24' title="bbox 75 2506 1792 2593; baseline 0.003 -30"><span class='ocrx_word' id='word_1_135' title='bbox 75 2520 223 2582; x_wconf 84' lang='lat' dir='ltr'>unt3</span> <span class='ocrx_word' id='word_1_136' title='bbox 270 2506 425 2566; x_wconf 80' lang='lat' dir='ltr'>urbe</span> <span class='ocrx_word' id='word_1_137' title='bbox 460 2506 723 2566; x_wconf 84' lang='lat' dir='ltr'>notabili</span> <span class='ocrx_word' id='word_1_138' title='bbox 760 2522 943 2566; x_wconf 85' lang='lat' dir='ltr'>caret.</span> <span class='ocrx_word' id='word_1_139' title='bbox 1015 2511 1368 2591; x_wconf 84' lang='lat' dir='ltr'>Imperator</span> <span class='ocrx_word' id='word_1_140' title='bbox 1401 2533 1517 2593; x_wconf 80' lang='lat' dir='ltr'>pro</span> <span class='ocrx_word' id='word_1_141' title='bbox 1579 2510 1792 2583; x_wconf 81' lang='lat' dir='ltr'>lubitu¹</span> 
     </span>
     <span class='ocr_line' id='line_1_25' title="bbox 75 2594 1785 2683; baseline 0.002 -31"><span class='ocrx_word' id='word_1_142' title='bbox 75 2597 353 2656; x_wconf 83' lang='lat' dir='ltr'>civitates</span> <span class='ocrx_word' id='word_1_143' title='bbox 389 2596 621 2656; x_wconf 75' lang='lat' dir='ltr'>incolit.</span> <span class='ocrx_word' id='word_1_144' title='bbox 649 2594 981 2656; x_wconf 74' lang='lat' dir='ltr'>Christiani</span> <span class='ocrx_word' id='word_1_145' title='bbox 1004 2597 1214 2681; x_wconf 79' lang='lat' dir='ltr'>plures</span> <span class='ocrx_word' id='word_1_146' title='bbox 1249 2614 1392 2658; x_wconf 87' lang='lat' dir='ltr'>sunt</span> <span class='ocrx_word' id='word_1_147' title='bbox 1426 2622 1616 2683; x_wconf 87' lang='lat' dir='ltr'>quam</span> <span class='ocrx_word' id='word_1_148' title='bbox 1647 2601 1785 2660; x_wconf 84' lang='lat' dir='ltr'>Ma·-</span> 
     </span>
     <span class='ocr_line' id='line_1_26' title="bbox 78 2679 1785 2758; baseline 0.003 -18"><span class='ocrx_word' id='word_1_149' title='bbox 78 2679 390 2744; x_wconf 85' lang='lat' dir='ltr'>hometani</span> <span class='ocrx_word' id='word_1_150' title='bbox 414 2730 428 2758; x_wconf 82' lang='lat'>,</span> <span class='ocrx_word' id='word_1_151' title='bbox 466 2699 528 2745; x_wconf 88' lang='lat' dir='ltr'>et</span> <span class='ocrx_word' id='word_1_152' title='bbox 545 2684 780 2744; x_wconf 81' lang='lat' dir='ltr'>Judaei.</span> <span class='ocrx_word' id='word_1_153' title='bbox 829 2686 1019 2745; x_wconf 81' lang='lat' dir='ltr'>Anno</span> <span class='ocrx_word' id='word_1_154' title='bbox 1056 2689 1238 2747; x_wconf 80' lang='lat'>1515.</span> <span class='ocrx_word' id='word_1_155' title='bbox 1262 2691 1640 2746; x_wconf 53' lang='lat' dir='ltr'>[Matthaeus</span> <span class='ocrx_word' id='word_1_156' title='bbox 1658 2691 1785 2745; x_wconf 80' lang='lat' dir='ltr'>Ar-</span> 
     </span>
     <span class='ocr_line' id='line_1_27' title="bbox 83 2772 1785 2854; baseline 0.002 -26"><span class='ocrx_word' id='word_1_157' title='bbox 83 2776 316 2831; x_wconf 76' lang='lat' dir='ltr'>menius</span> <span class='ocrx_word' id='word_1_158' title='bbox 340 2819 355 2847; x_wconf 81' lang='grc'>,</span> <span class='ocrx_word' id='word_1_159' title='bbox 388 2772 643 2854; x_wconf 83' lang='lat' dir='ltr'>legatus</span> <span class='ocrx_word' id='word_1_160' title='bbox 668 2777 732 2832; x_wconf 87' lang='lat' dir='ltr'>in</span> <span class='ocrx_word' id='word_1_161' title='bbox 776 2774 1160 2833; x_wconf 86' lang='lat' dir='ltr'>Lusitaniam</span> <span class='ocrx_word' id='word_1_162' title='bbox 1197 2778 1446 2850; x_wconf 83' lang='lat' dir='ltr'>missus,</span> <span class='ocrx_word' id='word_1_163' title='bbox 1496 2778 1785 2834; x_wconf 60' lang='lat' dir='ltr'>Mamaea</span> 
     </span>
     <span class='ocr_line' id='line_1_28' title="bbox 83 2860 1785 2943; baseline 0.001 -24"><span class='ocrx_word' id='word_1_164' title='bbox 83 2860 438 2921; x_wconf 89' lang='lat' dir='ltr'>Lusitaniae</span> <span class='ocrx_word' id='word_1_165' title='bbox 482 2863 674 2943; x_wconf 79' lang='lat' dir='ltr'>Regi,</span> <span class='ocrx_word' id='word_1_166' title='bbox 715 2864 979 2922; x_wconf 86' lang='lat' dir='ltr'>Crucem</span> <span class='ocrx_word' id='word_1_167' title='bbox 1039 2885 1115 2923; x_wconf 83' lang='lat' dir='ltr'>ex</span> <span class='ocrx_word' id='word_1_168' title='bbox 1173 2867 1342 2942; x_wconf 73' lang='lat' dir='ltr'>ligno</span> <span class='ocrx_word' id='word_1_169' title='bbox 1402 2868 1510 2923; x_wconf 80' lang='lat' dir='ltr'>SS.</span> <span class='ocrx_word' id='word_1_170' title='bbox 1569 2869 1785 2922; x_wconf 74' lang='lat' dir='ltr'>Crucis</span> 
     </span>
     <span class='ocr_line' id='line_1_29' title="bbox 95 2949 1789 3036; baseline 0.005 -31"><span class='ocrx_word' id='word_1_171' title='bbox 95 2950 336 3006; x_wconf 68' lang='lat' dir='ltr'>Christi</span> <span class='ocrx_word' id='word_1_172' title='bbox 366 2949 710 3010; x_wconf 81' lang='lat' dir='ltr'>confectam</span> <span class='ocrx_word' id='word_1_173' title='bbox 735 2997 750 3025; x_wconf 82' lang='lat'>,</span> <span class='ocrx_word' id='word_1_174' title='bbox 798 2949 964 3010; x_wconf 87' lang='lat' dir='ltr'>dono</span> <span class='ocrx_word' id='word_1_175' title='bbox 1005 2951 1249 3012; x_wconf 86' lang='lat' dir='ltr'>obtulit.</span> <span class='ocrx_word' id='word_1_176' title='bbox 1289 2953 1519 3013; x_wconf 86' lang='lat' dir='ltr'>Milites</span> <span class='ocrx_word' id='word_1_177' title='bbox 1552 2956 1789 3036; x_wconf 83' lang='lat' dir='ltr'>stipen—</span> 
     </span>
     <span class='ocr_line' id='line_1_30' title="bbox 82 3035 1786 3124; baseline 0.005 -30"><span class='ocrx_word' id='word_1_178' title='bbox 82 3035 172 3095; x_wconf 86' lang='lat' dir='ltr'>dii</span> <span class='ocrx_word' id='word_1_179' title='bbox 207 3037 346 3099; x_wconf 89' lang='lat' dir='ltr'>loco</span> <span class='ocrx_word' id='word_1_180' title='bbox 408 3054 643 3101; x_wconf 81' lang='lat' dir='ltr'>certam</span> <span class='ocrx_word' id='word_1_181' title='bbox 702 3055 904 3100; x_wconf 81' lang='lat' dir='ltr'>terrae</span> <span class='ocrx_word' id='word_1_182' title='bbox 945 3054 1182 3124; x_wconf 85' lang='lat' dir='ltr'>partem</span> <span class='ocrx_word' id='word_1_183' title='bbox 1251 3042 1575 3108; x_wconf 81' lang='lat' dir='ltr'>col-endam</span> <span class='ocrx_word' id='word_1_184' title='bbox 1620 3042 1786 3102; x_wconf 82' lang='lat' dir='ltr'>obti-</span> 
     </span>
    </p>

    <p class='ocr_par' dir='ltr' id='par_1_7' title="bbox 1532 3145 1695 3191">
     <span class='ocr_line' id='line_1_31' title="bbox 1532 3145 1695 3191; baseline 0.025 -3"><span class='ocrx_word' id='word_1_185' title='bbox 1532 3145 1695 3191; x_wconf 81' lang='lat' dir='ltr'>nent.</span> 
     </span>
    </p>
   </div>
  </div>
 </body>
</html>
