2048 3786
338 102 462 162 550
969 99 1422 156 Historia.

239 282 455 344 Asiam
496 279 812 365 profectus
839 326 854 354 ,
888 281 1055 339 victo
1090 294 1153 340 et
1189 281 1394 338 occiso
1445 278 1915 355 leissaplzerne
1941 324 1958 354 ‚

239 396 369 434 non
406 371 594 432 modo
614 369 948 453 Phrygiam
996 371 1347 452 occupavit,
1395 365 1504 426 sed
1537 369 1726 427 etiam
1760 368 1954 426 totius

240 462 489 524 Persiae
550 463 715 522 vires
767 461 1033 518 nimium
1068 457 1444 519 debilitavit.
1495 456 1764 517 Interim
1805 457 1956 539 quia

246 554 652 610 Tithraasces
694 548 825 608 dux
860 549 1132 609 Graecos
1169 547 1293 630 jam
1336 547 1603 628 pecunia
1647 567 1954 627 corrupe—

237 656 372 716 rat,
420 642 819 700 Artaxerxes
862 652 1069 699 autem
1102 635 1344 697 occulte
1368 649 1586 694 contra
1637 635 1958 718 pernicio-

239 752 338 791 sos
376 729 577 791 hostes
621 730 993 811 SpartanOS‚
1063 725 1329 786 diversis
1389 722 1951 807 pollicitationibus

237 819 505 881 Boeotos
531 864 547 893 ,
611 815 1066 889 Atheniense8‚
1112 809 1515 889 CorinthiOS,
1573 828 1637 874 et
1679 813 1955 894 Argivos

236 911 637 981 concitasset3
686 906 978 988 Spartani
999 925 1149 964 mox.
1188 907 1567 982 Agesilaum
1587 925 1666 964 ex
1704 901 1851 961 Asia
1871 898 1949 959 ad

237 995 597 1057 salvandam
622 996 891 1078 patriam
911 991 1170 1052 domum
1191 1006 1607 1069 revocarunt3
1633 994 1743 1075 qui
1764 994 1953 1053 etiam

238 1085 422 1148 brevi
459 1100 679 1145 contra
700 1085 967 1144 Boeotos
1001 1104 1351 1164 eorumque
1385 1082 1608 1156 sociOS,
1651 1104 1831 1142 anno.
1852 1104 1963 1139 an-

244 1191 304 1236 te
346 1174 452 1236 Ch.
506 1176 650 1237 593.
717 1171 1035 1233 celebrem
1087 1171 1164 1231 ad
1222 1175 1562 1231 Coroneam
1601 1171 1961 1252 reportavit

238 1267 585 1326 victoriam.
614 1264 680 1344 a)
733 1261 854 1323 Sed
886 1285 963 1323 ex
1008 1276 1188 1344 parte
1219 1262 1552 1321 Persarum
1603 1262 1788 1321 etiam
1850 1261 1966 1319 Co-
2038 1329 2045 1340 .

239 1377 359 1414 non
398 1353 517 1438 jam
547 1367 690 1413 ante
733 1353 923 1411 Classi
968 1353 1254 1412 Persicae
1306 1348 1700 1425 Praefectus,
1747 1347 1955 1408 navali

240 1448 586 1506 certamine
610 1441 687 1502 ad
714 1445 977 1500 Cniclam
1000 1440 1267 1501 similem
1287 1440 1564 1500 obtinuit
1586 1441 1918 1499 victoriam
1944 1461 1958 1498 ε

240 1558 364 1618 qua
389 1532 866 1596 Lacedaemonii
903 1553 1089 1592 omne
1122 1533 1312 1590 maris
1350 1531 1699 1613 Imperium
1739 1531 1960 1590 amise-

238 1640 406 1684 runt.
456 1625 516 1705 b)
550 1625 697 1684 Post
737 1645 923 1706 quae,
963 1643 1148 1682 omne
1196 1618 1433 1680 bellum
1465 1618 1539 1677 ad
1582 1615 1957 1689 Corinthum

238 1713 609 1774 translatum
648 1726 767 1773 est:
820 1709 993 1795 quod
1041 1734 1155 1795 per
1206 1724 1446 1794 septem
1490 1731 1684 1769 annos
1730 1730 1954 1790 magna

243 1808 485 1865 virtute
524 1805 840 1881 Agesilai,
892 1802 1298 1878 Thrasybuli,
1345 1814 1407 1861 et
1445 1800 1795 1877 Iphicratis
1849 1820 1958 1881 ge-

242 1909 426 1968 stum,
474 1892 730 1958 tandem
765 1893 1158 1950 Aatalciclae
1192 1891 1485 1974 Spartani
1529 1887 1708 1948 ducis
1722 1909 1913 1972 opera
1938 1935 1955 1964 ,

238 1983 495 2044 Graecis
537 1981 796 2066 quidem
852 1984 1059 2040 minus
1112 1978 1369 2043 honesta
1437 2001 1589 2065 pace
1695 2000 1942 2063 compo-

241 2075 428 2133 situm
489 2088 596 2139 est.
684 2071 762 2151 c)
827 2070 946 2130 Sed
1020 2068 1133 2127 ubi
1206 2083 1348 2154 post
1418 2084 1692 2152 quatuor
1755 2090 1950 2128 annos

255 2161 494 2222 bellum
551 2176 772 2221 contra
843 2161 1154 2237 Olynthos
1219 2173 1432 2219 ortum
1490 2157 1760 2233 fuisset3
1822 2159 1951 2216 imo

241 2253 531 2337 Spartani
601 2251 916 2310 Phoebicla
990 2247 1148 2309 duce
1210 2247 1577 2310 Cadma'eam
1625 2245 1953 2320 Thebano-

241 2365 383 2404 rum
458 2363 666 2402 arcem
748 2338 1185 2399 fraudulenter
1250 2351 1654 2422 occupassent
1690 2382 1708 2411 ‚
1787 2358 1952 2396 nova

238 2430 552 2495 bellorum
632 2432 868 2491 semina
942 2429 1213 2490 Graecos
1283 2429 1450 2489 inter
1496 2442 1559 2488 et
1616 2427 1954 2510 Spartanos

235 2522 393 2607 jacta
426 2535 585 2580 sunt.
634 2524 700 2602 cl)
723 2520 965 2581 Verum
987 2518 1098 2579 ubi
1130 2515 1412 2580 Thebani
1444 2520 1779 2596 Pelopidae
1796 2537 1948 2576 con-

1719 2605 1858 2667 silio

309 2744 367 2814 a)
406 2742 668 2811 Xenoph.
707 2742 771 2798 L.
808 2740 856 2796 3.
908 2761 964 2813 p.
1002 2740 1122 2798 501.
1150 2760 1299 2813 seqq.
1346 2742 1567 2796 Diodor.
1605 2741 1708 2793 Sic.
1752 2740 1813 2796 L.
1854 2737 1941 2796 11.

405 2835 459 2882 p.
499 2814 623 2869 440.
685 2832 834 2885 seqq.
889 2815 1121 2870 Pausan.
1159 2815 1224 2869 L.
1265 2814 1315 2866 4.
1368 2833 1408 2864 c.
1451 2813 1535 2869 17.
1608 2810 1681 2884 b)
1718 2812 1944 2864 Diodor.

396 2887 506 2942 Sic.
544 2887 606 2938 L.
642 2883 736 2938 14.
770 2905 822 2956 p.
844 2883 968 2938 442.
1008 2884 1276 2953 Xenoph.
1335 2886 1482 2936 Hist.
1533 2886 1594 2940 L.
1635 2883 1687 2938 4.
1719 2902 1776 2955 p.
1818 2882 1942 2938 517.

395 2956 448 3028 c)
487 2956 823 3028 Xenophon.
859 2958 925 3012 L.
966 2955 1013 3009 5.
1054 2957 1279 3009 Diodor.
1315 2956 1485 3012 Sicul.
1525 2958 1592 3013 L.
1632 2954 1720 3011 14.
1772 2975 1815 3007 c.
1856 2952 1941 3004 96.

397 3030 454 3096 cl)
491 3028 831 3098 Xenophon.
865 3029 934 3079 de
972 3027 1180 3082 Hellen.
1201 3029 1340 3084 L.4.
1380 3047 1433 3099 p.
1476 3026 1597 3082 540.
1620 3044 1770 3098 seqq.
1810 3025 1939 3077 Dio-

397 3101 525 3153 (lor.
552 3101 641 3152 Sic
673 3102 737 3158 L.
772 3100 854 3153 15.
886 3119 926 3152 c.
964 3097 1048 3151 20.
