2048 3786
1576 231 1655 288 25)

40 404 390 493 Imperator
431 429 571 468 cum
605 422 733 469 tota
756 406 986 466 familia
1026 421 1088 467 et
1119 420 1317 466 matre
1350 405 1741 488 Religionem

49 497 279 559 Christi
332 500 697 580 assumpsit,
747 511 811 558 et
856 520 971 581 per
1036 499 1407 554 Consalvam
1466 499 1741 554 Silveria

44 589 103 646 S.
151 588 203 645 J.
241 589 487 647 Patrem
521 586 863 668 baptisatus
915 600 1020 646 est.
1070 583 1258 644 Anno
1303 584 1486 644 1605.
1540 582 1747 643 rebel-

44 673 132 736 les
167 689 387 736 contra
416 674 870 758 Imperatorem
894 675 1232 747 ProcereS,
1270 672 1553 731 Lusitani
1595 671 1741 731 edo-

45 778 384 841 muerunt,
441 778 504 824 et
550 765 1000 848 Imperatorem
1061 759 1290 822 throno
1342 759 1745 820 deturbatum

42 852 198 912 solio
234 865 690 936 reposuerunt,
736 875 928 935 quare
985 852 1337 934 Imperator
1364 895 1380 924 ,
1434 863 1742 932 perpetuo

43 937 182 1024 jure
219 941 532 1000 Lusitanis
574 941 755 1001 cessit
785 941 1026 1026 argenti
1067 937 1320 1000 fodinas.

422 1086 530 1146 DE
585 1085 919 1160 iNsULls
966 1081 1358 1142 AFRICAE.

223 1209 467 1271 Insulae
505 1207 859 1285 Africanae,
880 1210 945 1268 in
986 1211 1229 1267 Oceano
1250 1211 1575 1267 Atlantico
1596 1221 1741 1267 sunt

44 1309 169 1360 tres
207 1299 618 1383 praecipuae,
675 1301 798 1358 uti:
867 1301 1220 1372 Canariae,
1290 1298 1605 1375 Teneriffa
1630 1343 1645 1371 ,
1687 1312 1750 1357 et

42 1391 336 1447 Madera.
411 1390 733 1446 Canariae
761 1389 1132 1448 Maroccano
1181 1407 1389 1468 regno.
1421 1384 1695 1468 objectae
1721 1432 1736 1460 ,

44 1478 109 1536 in
140 1477 564 1560 Hispanorum
602 1489 906 1560 potestate
937 1489 1114 1550 sunt,
1154 1474 1234 1534 ab
1271 1473 1525 1548 avibus,
1568 1488 1747 1534 terna

42 1587 238 1627 messe
274 1579 474 1626 notae.
517 1566 829 1645 Tenerffa
859 1566 1134 1623 maximo
1154 1566 1342 1624 totius
1361 1563 1550 1623 Orbis
1566 1583 1746 1622 mon-

46 1668 105 1714 te
147 1657 297 1712 Pico
334 1650 589 1736 gaudet,
635 1652 769 1713 loca
800 1654 1134 1738 praecipua
1180 1665 1359 1711 sunt:
1410 1654 1746 1709 Forteven-

48 1755 201 1799 tara
227 1788 242 1816 ,
289 1746 515 1800 Gomer
539 1786 554 1815 ,
593 1744 812 1817 Ferro,
846 1744 1073 1799 Palma
1098 1787 1114 1815 ,
1148 1743 1518 1798 Lancellota
1543 1785 1558 1813 ,
1615 1742 1729 1796 Ca-

39 1834 246 1888 naria.
296 1832 459 1890 Item
505 1829 745 1890 Insulae
819 1832 988 1907 Cape
1033 1832 1270 1903 Verde,
1314 1850 1422 1887 seu
1474 1831 1536 1886 S.
1583 1829 1742 1884 Tho-

45 1939 182 1976 mae
211 1941 400 2001 quam
439 1916 599 1975 Galli
633 1941 684 1976 a.
726 1919 910 1980 1709.
935 1918 1242 1978 Lusitanis
1273 1918 1647 1998 eripuerunt
1681 1918 1742 1973 S.

40 2005 382 2066 Matthaei.
449 2009 508 2064 S.
581 2009 855 2082 Helene,
926 2008 1286 2081 Borbonia,
1342 2007 1747 2063 Marcarlene

36 2117 145 2155 seu
192 2100 253 2155 S.
292 2097 686 2173 Apolloniae,
726 2099 1201 2176 Madagascar,
1249 2093 1359 2153 ubi
1394 2089 1746 2177 pulcherri-

38 2187 126 2243 mi
163 2187 410 2269 psittaci
455 2198 614 2244 sunt.
661 2185 867 2246 Insula
920 2188 1225 2243 Formosa
1282 2196 1461 2265 paret
1491 2182 1740 2241 Lusita-

38 2275 152 2350 nis,
193 2271 548 2336 hominibus
602 2289 665 2335 et
713 2272 860 2335 feris
909 2273 1092 2334 culta.
1146 2270 1609 2333 Hollandorum
1648 2284 1740 2330 est

46 2364 108 2422 S.
149 2364 466 2424 Mauritii
488 2385 503 2439 3
551 2377 743 2446 prout
784 2362 1145 2446 Anglorum
1193 2364 1253 2421 S.
1296 2363 1579 2419 Helenae
1610 2382 1743 2419 me—

37 2452 358 2513 morabilis
397 2474 431 2510 a
477 2454 839 2536 captivitate
884 2454 1263 2529 Napoleonis
1301 2448 1565 2509 condam
1599 2447 1745 2506 Gal-

39 2535 156 2602 liae
226 2542 416 2626 Regis
507 2555 570 2603 et
613 2543 1057 2625 Imperatori53
1113 2541 1223 2624 qui
1263 2541 1452 2601 etiam
1511 2536 1744 2597 ibidem

41 2644 323 2689 mortuus
360 2642 464 2692 est.
515 2635 584 2691 In
640 2633 824 2690 Mari
871 2633 1086 2689 Indico
1129 2643 1272 2689 sunt
1314 2626 1557 2688 Insulae
1597 2627 1749 2685 Ma-

35 2723 408 2778 scarenicae.

483 2908 490 2910 a
587 2863 693 2923 DE
755 2861 1163 2923 AMERICA.

211 2989 513 3049 America
557 2989 636 3048 ab
678 2990 965 3046 Americo
995 2991 1069 3047 V
1057 2990 1297 3064 espatl'o
1319 3010 1367 3043 a.
1418 2986 1600 3048 1497.
1628 2982 1735 3045 de-

33 3090 190 3142 tecta
218 3123 234 3157 ,
271 3093 535 3165 propter
583 3075 938 3140 distantiam
960 3122 976 3155 ,
1010 3090 1071 3138 et
1100 3074 1476 3162 opulentiam
1502 3099 1536 3134 a
1576 3074 1743 3134 Nau-

1575 3176 1651 3222 tlS
