2048 3786
320 161 442 221 558
877 168 1291 226 Historia

215 347 788 429 mamprovinciae
823 347 1145 416 Romanae
1185 349 1510 413 redactum
1547 347 1701 428 fuit,
1741 372 1791 410 a.
1842 349 1929 410 M.

223 433 413 495 5856.

681 622 755 711 C
798 657 847 710 a
876 658 937 747 p
981 660 1040 712 u
1079 645 1118 712 t
1233 624 1539 716 XXII.

398 816 766 879 REGNUM
843 818 1184 881 GRAECO
1251 818 1747 881 ASIATICUM.

222 1017 270 1097 ᾗ.
317 1017 371 1076 1.
542 1018 842 1075 siaticum
879 1018 1214 1095 Regnum,
1275 992 1447 1100 quod
1496 1030 1639 1100 post
1669 1030 1945 1079 mortem

122 1134 125 1138 2
222 1107 586 1167 Alexandri
631 1107 724 1164 M.
762 1107 1085 1185 Antigono
1122 1107 1340 1168 cessit:
1389 1119 1631 1166 terram
1668 1106 1839 1166 illam
1874 1109 1942 1166 in

213 1217 280 1256 se
314 1195 860 1284 complectebatur
882 1242 898 1271 ,
946 1217 1140 1278 quam
1178 1193 1367 1256 hodie
1391 1198 1726 1254 Nataliam
1754 1217 1942 1256 voca-

213 1308 352 1347 mus
432 1311 558 1347 una
617 1306 762 1346 cum
807 1285 1165 1347 minoribus
1185 1287 1411 1345 vicinis
1449 1285 1815 1368 regionibus
1845 1285 1945 1344 ul-

216 1390 315 1436 tra
354 1377 639 1438 Taurum
675 1389 972 1437 montem.
1020 1377 1377 1436 Antiochus
1394 1372 1494 1434 hic
1513 1389 1656 1460 post
1684 1373 1939 1437 caedem

219 1468 525 1527 Eumenis
565 1490 616 1527 a.
660 1468 712 1526 1.
760 1465 1010 1549 Olymp.
1061 1467 1205 1528 116.
1239 1466 1667 1542 commissam,
1714 1465 1943 1549 opibus

217 1570 281 1617 et
317 1559 602 1641 potentia
663 1570 881 1616 auctus
941 1577 1211 1640 regnum
1247 1554 1541 1617 affectare
1580 1557 1819 1640 coepit,
1869 1576 1942 1615 ac

224 1648 496 1707 Pithone
548 1648 738 1710 etiam
771 1667 949 1706 caeso
972 1692 988 1722 ,
1036 1647 1104 1730 α)
1152 1648 1514 1730 provincias
1532 1646 1795 1707 orientis
1821 1644 1944 1705 sibi

222 1740 522 1815 asseruit3
568 1735 738 1798 unde
784 1739 1078 1796 Seleucus
1119 1738 1290 1797 vitae
1328 1758 1477 1798 suae
1522 1749 1810 1797 metuens
1846 1734 1946 1795 fu-

222 1848 298 1908 ga
341 1827 617 1914 elapsu5‚
665 1849 816 1887 mox
855 1828 1322 1902 Ptolomaeum,
1369 1828 1833 1904 Lysimachum
1876 1839 1941 1887 et

236 1919 667 1977 Cassandrum
721 1915 799 1976 ad
858 1915 1207 1977 ineundum
1274 1930 1496 1976 contra
1551 1918 1946 1995 Antigonum

221 2004 439 2067 foedus
462 2008 814 2092 permovit3
861 2029 988 2090 qua
1009 2006 1161 2068 belli
1186 2005 1346 2067 fama
1369 2006 1944 2089 percrebrescente,

223 2099 583 2176 Antigonus
624 2100 757 2158 sine
787 2118 965 2157 mora
993 2099 1058 2156 in
1100 2093 1500 2157 Phoeniciam
1530 2098 1787 2158 veniens
1821 2095 1948 2178 Ty·-

222 2209 367 2249 rum
399 2202 541 2270 post
583 2189 678 2249 15.
700 2207 940 2248 menses
966 2184 1219 2247 tandem
1244 2187 1648 2270 expugnavit.
1696 2185 1943 2247 Verum

216 2297 294 2336 ex
334 2275 457 2336 alia
492 2290 669 2361 parte
713 2299 843 2337 non
910 2298 1048 2337 eam
1104 2289 1408 2360 expertus
1470 2289 1563 2337 est
1622 2273 1943 2335 fortunam

221 2368 594 2426 Demetrias
625 2368 930 2446 Antigoni
969 2363 1133 2426 filius
1165 2363 1242 2423 ad
1281 2367 1648 2449 provinciae
1683 2365 1943 2427 tutelam

218 2454 391 2515 domi
440 2455 734 2533 relictus3
786 2477 929 2514 nam
964 2451 1066 2515 hie
1114 2477 1146 2513 a
1181 2457 1542 2514 Prolomaeo
1568 2477 1794 2539 magna
1816 2455 1944 2516 cla-

217 2543 294 2605 de
336 2549 589 2606 attritus
629 2559 693 2607 et
725 2548 928 2604 victus
967 2557 1074 2605 est.
1127 2544 1260 2604 Hac
1292 2543 1442 2606 belli
1478 2547 1801 2606 occasione
1828 2549 1938 2605 Se-

215 2636 425 2694 leucus
461 2639 736 2695 Nicator
794 2636 856 2715 b)
905 2633 1290 2715 Babylonem
1352 2637 1795 2718 recuperavit,
1842 2649 1934 2693 at—

219 2745 347 2806 que
383 2725 462 2784 ab
511 2723 628 2785 hoc
662 2739 950 2809 tempore
974 2726 1151 2781 Aera
1176 2726 1651 2782 Seleucidaram
1685 2726 1937 2784 initium

217 2816 439 2872 sumsit
477 2837 572 2873 an.
601 2813 855 2876 Periodi
881 2812 1165 2875 Julianae
1204 2815 1392 2874 4402.
1442 2811 1550 2872 Ad
1568 2810 1735 2873 hunc
1777 2812 1937 2875 infe-

1670 2903 1856 2964 licem

286 3077 347 3142 a)
382 3145 390 3153 ο
421 3074 648 3153 Diodor.
685 3074 796 3126 Sic.
834 3074 900 3129 L.
925 3072 1014 3129 19.
1054 3074 1247 3153 Jusrm.
1286 3073 1346 3125 L.
1372 3070 1459 3128 15.
1502 3092 1547 3128 c.
1570 3071 1627 3128 4.
1663 3070 1718 3147 b)
1759 3071 1936 3134 idem.

375 3144 516 3200 1b1d..
547 3146 774 3218 Joseph.
809 3155 999 3198 contra
1035 3146 1277 3218 Appmn,
1310 3145 1371 3198 L.
1411 3143 1462 3199 1.
1495 3163 1538 3198 c.
1574 3142 1658 3197 22.
