2048 3786
502 246 1347 322 Carthaginensium.
1559 252 1676 309 167

591 402 951 521 Caput
1011 405 1213 495 VII.

439 576 1412 638 CARTHAGINENSES.

87 794 134 873 ᾗ.
180 795 231 854 1.
299 728 805 869 Geographico
822 781 1145 848 statistica
1181 793 1366 849 notio.
1415 791 1509 853 De
1534 795 1778 876 origine

85 880 660 964 Carthaginensium
683 873 966 939 diversae
1011 892 1154 936 sunt
1183 882 1524 941 sententiae
1570 882 1785 942 Histo-

9 1027 13 1030 ,
87 972 400 1047 Υἱοοωῐῃς
447 988 659 1028 omnes
698 979 906 1026 tamen
946 968 1331 1027 conveniunt
1363 990 1395 1025 a
1434 966 1782 1031 Phoeniciis

88 1058 399 1119 conditam
431 1056 630 1116 fuisse.
679 1055 744 1135 a)
772 1056 1046 1115 Primam
1069 1051 1436 1115 sententiam
1462 1070 1633 1120 tenet
1651 1061 1787 1135 Ap-

70 1143 320 1222 pianas
361 1146 420 1221 b)
467 1142 560 1203 his
618 1143 868 1204 verbis:
937 1140 1377 1226 Carthaginem
1442 1148 1506 1204 in
1567 1145 1788 1205 Africa

85 1230 424 1297 Phoenices
473 1230 894 1292 condiderunt
947 1234 1123 1290 annis
1189 1233 1287 1292 50.
1350 1248 1492 1294 ante
1535 1249 1790 1317 captum

86 1319 293 1384 Ilium.'
338 1320 703 1382 Conditores
744 1333 952 1381 autem
971 1318 1145 1380 fuere
1179 1322 1391 1379 Xorzcs
1425 1336 1488 1382 et
1520 1324 1792 1381 Car-olze-

88 1416 222 1470 elon.
270 1413 514 1472 Verum
537 1411 777 1487 Pagius
796 1410 854 1489 c)
901 1404 1116 1468 statuit
1139 1430 1272 1468 eam
1292 1409 1608 1469 conditam
1635 1409 1790 1468 fuis-

88 1522 152 1560 se
182 1523 215 1558 a
263 1503 512 1558 Didone
542 1518 706 1556 anno
752 1498 895 1573 144.
943 1497 1406 1579 post-templum
1438 1521 1473 1556 a
1511 1501 1790 1557 Salomo-

88 1611 163 1647 ne
207 1585 583 1658 inchoatum,
626 1606 734 1646 seu
777 1598 920 1644 ante
964 1580 1103 1643 Ch.⁴
1137 1600 1368 1644 natum.
1419 1587 1565 1647 885.
1613 1589 1791 1646 Dido

89 1691 296 1737 autem
324 1697 432 1735 seu
474 1676 660 1749 Elisa
703 1671 934 1732 mulier
989 1695 1021 1733 e
1059 1673 1231 1753 Tyro
1268 1671 1572 1756 profecta,
1615 1672 1792 1758 cujus

92 1767 307 1824 virum
325 1765 676 1835 Sic-haeum,
701 1763 1092 1839 Pygmaleon
1111 1760 1308 1822 frater
1335 1764 1466 1821 eius
1488 1763 1664 1823 urbis
1693 1776 1781 1844 ty-

87 1873 320 1913 rannus
357 1850 515 1909 clam
549 1849 732 1907 ‘dum‘
765 1851 1199 1924 interemisset,
1246 1853 1488 1910 somnio
1532 1852 1792 1923 monita,

87 1963 237 2001 mox
270 1940 575 2021 congestis
599 1937 959 2021 pecuniisin
991 1936 1259 2017 Lybiam
1298 1937 1552 2001 Africae
1579 1941 1796 2001 enavi-

92 2031 267 2112 gavit
289 2074 305 2104 ,
352 2041 415 2088 et
445 2029 509 2084 in
542 2048 616 2086 eo
650 2024 788 2084 loco
812 2023 922 2083 ubi
960 2046 1128 2084 nunc
1160 2023 1474 2108 Carthago
1512 2041 1605 2090 est
1647 2048 1799 2087 eon-

91 2116 281 2193 sedit3
328 2130 390 2176 et
424 2115 631 2174 locum
669 2115 983 2173 munitum
1037 2116 1326 2191 Byrsam
1371 2114 1548 2175 dixit.
1598 2115 1797 2175 Urbis

90 2204 478 2287 Carthaginis
515 2217 640 2263 tres
677 2214 858 2262 erant
887 2215 1126 2285 partes:
1185 2204 1448 2279 cathon,
1495 2206 1800 2283 Megara,

94 2309 157 2355 et
189 2297 427 2371 Byrsa.
464 2294 688 2361 Byrsa
728 2293 793 2348 in
848 2288 1049 2351 media
1094 2288 1473 2373 Carthagine
1511 2306 1647 2355 erat
1683 2315 1798 2352 arx

94 2383 505 2441 munitissima
525 2425 540 2455 ‚
589 2381 653 2437 in
683 2376 858 2461 cujus
883 2381 1119 2439 vertice
1141 2377 1261 2438 fuit
1297 2379 1603 2464 templum
1671 2384 1800 2439 Ae-

96 2473 382 2547 sculapii.
447 2468 800 2527 Successive
829 2467 976 2526 urbi
1007 2468 1246 2543 Veteri,
1282 2491 1484 2530 novae
1515 2471 1800 2530 civitates

97 2572 276 2619 erant
324 2555 634 2640 adjectae,
679 2557 773 2613 uti
824 2558 1112 2631 Cadmea,
1167 2559 1488 2634 Οεηαεεα,
1535 2572 1600 2620 et
1635 2561 1797 2618 Cac-

1614 2667 1718 2707 Ga-

170 2814 230 2889 α)
264 2814 409 2895 Mela
434 2814 502 2897 [ς.
535 2809 590 2867 1.
622 2809 718 2861 fol.
759 2806 841 2871 19,
915 2805 969 2877 b)
996 2807 1067 2929 Ιίλη
1098 2808 1363 2930 p1i0Ltide
1394 2809 1527 2866 hell.
1567 2812 1804 2868 Punico·

256 2887 452 3010 idoimfi.
471 2880 841 3021 iii‘p‘fhffi‘
874 2895 966 3020 ³0¹3
989 2887 1338 3019 menagpssssraiff
1368 2881 1803 3006 {fissssssff'asssssi'

259 3026 495 3078 Solinus.
540 3023 598 3074 in
628 3019 894 3091 Polyhist.
927 3037 973 3070 e.
1007 3017 1091 3071 27.
1117 3019 1408 3089 Josephus.
1429 3022 1606 3094 antiq.
1646 3024 1714 3081 L.
1738 3024 1790 3080 3.

263 3117 307 3148 c.
345 3094 426 3148 15.
464 3094 716 3146 Bochart.
754 3091 994 3144 Canaan.
1030 3090 1094 3144 L.
1129 3087 1184 3145 1.
1218 3109 1263 3143 c.
1299 3089 1381 3142 24.
