2048 3786
532 240 1198 318 Aegyptiorum.
1523 240 1641 299 151

45 420 281 479 Lutum
320 421 487 479 inter
518 438 733 476 manus
755 461 772 490 ,
826 413 1090 473 farinam
1125 413 1396 473 calcibus
1418 412 1735 494 subigunt,

45 510 114 587 a)
162 507 366 567 forum
406 521 468 567 et
485 506 732 586 negotia
755 503 1039 576 feminae,
1088 504 1318 562 Domos
1354 502 1479 559 viri
1496 515 1737 575 curant,

46 595 212 657 unde
257 598 540 655 virorum
574 593 958 652 effeminatus
992 593 1231 650 anim-us
1267 601 1454 672 patet.
1501 587 1743 646 Educa-

49 686 138 742 tio
177 704 520 765 puerorum
558 695 692 741 erat
729 678 986 761 frugalis
1009 725 1026 754 ‚
1072 679 1200 738 cibi
1232 675 1544 735 dabantur
1586 673 1742 736 viles

44 785 108 831 et
149 771 345 845 obvii,
384 769 574 830 calcei
611 767 801 843 nulli,
859 781 1059 828 vestes
1094 786 1276 826 rarae
1331 765 1414 824 ob
1467 785 1745 824 commo-

45 858 189 917 dam
228 858 511 919 locorum
545 859 927 940 temperiem.
961 857 1023 937 b)
1048 855 1270 938 Neque
1300 852 1597 913 mulieres
1621 850 1747 911 cal-

50 949 207 1008 eaeis
241 946 580 1006 utebantur
600 990 616 1016 ‚
649 960 721 1004 ut
738 946 1163 1005 meminissent
1182 942 1353 1002 domi
1393 955 1634 1022 tempus
1649 962 1745 1003 es-

45 1056 109 1094 se
147 1032 628 1116 transigendum.
691 1032 1024 1093 Domieilia
1074 1032 1427 1092 viventium
1465 1028 1750 1090 diverso-

43 1125 144 1182 ria
177 1136 439 1195 vocant,
482 1143 590 1182 eo:
623 1120 795 1204 quod
833 1120 937 1180 illa
978 1134 1220 1180 tantum
1254 1117 1331 1177 ad
1374 1132 1618 1202 tempus
1653 1120 1749 1175 in-

47 1211 355 1271 colamus:
403 1209 845 1271 defunctorum
898 1231 1051 1270 vero
1111 1204 1471 1291 sepulchra,
1528 1205 1747 1267 domos

44 1313 324 1361 aeternas
377 1297 590 1381 ajunt3
653 1313 716 1359 et
747 1298 888 1359 ideo
938 1297 1015 1358 de
1054 1310 1369 1357 structura
1413 1293 1748 1356 domorum

47 1411 273 1472 parum
308 1402 453 1447 sunt
507 1387 773 1465 soliciti3
819 1390 885 1446 in
921 1384 1251 1447 adorandis
1289 1397 1497 1444 autem
1532 1382 1749 1466 sepul-

49 1475 216 1537 chris
250 1473 409 1534 nihil
433 1478 747 1536 omittunt.
782 1476 841 1556 c)
865 1478 1063 1536 Usum
1095 1474 1233 1533 auri
1259 1486 1321 1533 et
1353 1473 1596 1553 argenti
1621 1469 1747 1554 jam

49 1564 200 1626 olim
232 1562 581 1641 habebant3
627 1565 694 1644 d)
745 1564 1042 1625 Israelitis
1088 1565 1258 1623 enim
1295 1559 1568 1644 plurima
1607 1581 1754 1618 vasa

49 1675 237 1713 aurea
290 1667 353 1713 et
394 1667 687 1734 argentea
739 1667 960 1714 mutuo
1027 1649 1353 1711 dederunt.
1393 1650 1568 1709 Inter
1604 1644 1754 1708 haec

50 1743 272 1822 nsigne
308 1740 386 1798 ad
426 1744 901 1823 temperantiam
921 1739 1278 1822 exemplum
1302 1737 1755 1820 praebuerunt3

53 1827 226 1912 quod
271 1831 332 1886 in
373 1832 680 1889 conviviis
715 1829 991 1889 loculum
1030 1848 1136 1887 seu
1174 1826 1478 1900 tumbam,
1528 1827 1593 1882 in
1629 1846 1757 1907 qua

47 1919 285 1977 mortui
331 1919 570 1999 imago,
619 1931 726 1976 aut
781 1921 986 2001 ipsum
1021 1913 1289 1975 cadaver
1339 1915 1628 1974 exanime
1666 1909 1760 1992 ja-

49 2005 262 2080 cebat,
306 2004 716 2066 circumferre
739 2006 1216 2079 consveverint‚
1266 2016 1330 2063 et
1370 2003 1435 2059 in
1486 2022 1749 2060 consor-

51 2096 140 2155 tio
172 2097 370 2154 cuivis
407 2092 831 2170 exhibuerint,
879 2092 973 2153 his
1005 2093 1219 2152 verbis
1251 2089 1459 2175 prolat
1480 2110 1540 2150 s:
1591 2088 1761 2148 bibi-

48 2197 110 2244 te
134 2198 195 2243 et
235 2198 429 2245 estote
454 2182 711 2265 jucundi
737 2183 749 2243 ἶ
794 2186 880 2244 sie
915 2183 1085 2244 enim
1109 2195 1171 2241 et
1216 2179 1397 2241 vobis
1421 2190 1564 2263 post
1589 2199 1760 2238 mor-

54 2286 180 2333 tem
226 2274 364 2332 erit.
408 2274 464 2353 e)

210 2362 260 2447 §3
311 2362 422 2421 III.
474 2365 697 2421 Status
743 2363 1049 2420 Politia-us
1089 2371 1151 2418 et
1187 2359 1414 2432 forma
1457 2357 1740 2433 Regimi-

57 2453 175 2508 nis,
231 2449 694 2533 Aegyptiorum
747 2471 1013 2531 regnum
1072 2449 1426 2506 institutum
1466 2458 1557 2504 est
1575 2466 1626 2501 a.
1668 2443 1755 2502 M.

66 2540 250 2600 1816.
294 2539 462 2597 circa
505 2539 676 2620 quod
717 2554 960 2621 tempus
997 2538 1306 2594 Misraim
1340 2534 1564 2592 Chamc'
1598 2529 1762 2590 filius

58 2624 329 2684 colonias
386 2629 450 2685 in
495 2627 853 2710 Aegyptum
900 2625 1096 2684 duxit.
1161 2626 1409 2685 Primus
1467 2642 1580 2681 rex
1631 2633 1766 2681 erat

56 2715 272 2771 ,Menes
285 2713 370 2793 f)
404 2713 577 2800 cujus
591 2715 971 2800 posteriores
1018 2714 1238 2795 Reges,
1261 2712 1629 2770 Pharaone-5
1651 2729 1766 2768 vo·-

866 2804 894 2860 I
946 2805 980 2862 2
1604 2816 1675 2855 ca

125 2966 188 3038 a)
227 2968 364 3020 Mela
399 2969 466 3023 L.
496 2966 543 3020 1.
584 2967 681 3024 fol.
708 2966 799 3023 32.
835 2965 893 3040 b)
926 2965 1159 3021 Diodor.
1190 2963 1256 3018 L.
1299 2962 1353 3018 1.
1377 2960 1569 3043 c.8.·c)
1592 2962 1753 3015 Diod.

210 3037 270 3159 {1-
301 3037 360 3159 01.-
482 3038 565 3175 ἧς·
597 3037 865 3188 aas}
991 3036 1070 3160 122:
1090 3054 1158 3160 s:-
1178 3033 1673 3175 sifssssssszt
1691 3034 1763 3156 ξι

226 3174 277 3235 2.
316 3197 362 3236 c.
396 3177 447 3237 4.
487 3190 536 3231 et
571 3177 656 3231 99.
695 3178 854 3234 Diod.
888 3179 1001 3234 Sic.
1036 3177 1102 3230 L.
1140 3173 1191 3235 1.
1229 3194 1273 3229 o.
1310 3175 1393 3229 35.
