2048 3786
560 153 836 232 Regni
881 152 1433 232 Aegyptiaci.
1643 155 1765 215 567

133 338 241 418 gni
290 334 661 419 Aegyptiaci
694 330 990 393 conditor
1023 346 1201 406 esset,
1235 354 1450 394 omnes
1474 353 1865 395 successores

136 448 217 486 ex
253 428 511 486 nomine
561 423 764 498 illius,
810 425 1164 485 Ptolomaei
1223 424 1579 507 nuncupari
1642 423 1863 484 volue—

133 530 301 576 runt.
353 517 421 597 a)
469 516 869 572 Ptolomaeus
910 513 1377 589 Philadelphus
1424 512 1756 574 literarum
1805 527 1869 573 et

129 608 363 666 artium
399 607 617 687 ingens
655 601 885 679 cultor,
932 617 997 664 et
1040 600 1486 664 famosissimae
1511 599 1865 663 Bibliothe-

131 717 237 757 cae
294 692 763 756 Alexandrinae
808 691 1150 771 condit0r3
1196 690 1376 777 cujus
1419 691 1591 778 jussu
1641 693 1872 754 versio

130 785 545 871 Septvaginta
578 787 1013 869 Interpretum
1061 782 1222 844 facta
1272 782 1461 862 fuisse
1499 782 1692 866 vulgo
1730 804 1870 842 cre-

129 874 321 936 ditur.
356 910 443 919 —-
493 876 841 951 Cleopatra
875 894 1023 934 cum
1044 876 1278 932 Marco
1301 875 1614 949 Antonio,
1667 875 1735 931 in
1764 869 1867 930 hi-

127 967 326 1026 storia
364 961 548 1025 valde
572 978 663 1025 est
701 963 1008 1041 celebriS,
1057 976 1254 1048 prout
1276 961 1405 1047 jam
1442 963 1731 1049 superius
1783 961 1864 1023 de

125 1055 463 1141 Aegyptiis
498 1052 697 1116 fusius
718 1056 1144 1140 exposuimus.
1195 1053 1502 1115 Ceterum
1537 1052 1619 1113 ab
1669 1056 1869 1112 Octa-

135 1150 240 1206 vio
284 1151 575 1226 Augusto
611 1144 818 1207 navali
853 1166 1066 1230 pugna
1089 1143 1349 1205 Actiaca
1394 1146 1720 1206 Antonias
1766 1145 1865 1201 vi-

131 1251 306 1313 ctus,
347 1257 497 1296 mox
547 1238 892 1314 Cleopatra
910 1258 990 1297 ne
1015 1237 1080 1295 in
1112 1232 1512 1319 triumphum
1546 1236 1714 1294 victa
1734 1234 1870 1293 Ro-

127 1350 296 1388 mam
336 1323 782 1401 abduceretur,
816 1349 934 1412 per
958 1323 1246 1411 Aspides,
1267 1347 1425 1409 quas
1453 1328 1518 1385 in
1550 1321 1729 1384 theca
1767 1345 1870 1382 re-

125 1417 412 1478 conditas
454 1417 738 1500 gestabat
777 1430 1050 1477 mortem
1081 1414 1509 1476 voluntariam
1548 1414 1669 1475 sibi
1712 1411 1873 1474 inse-

131 1508 223 1567 lix
258 1510 604 1590 conscivit„
637 1508 784 1568 Post
827 1504 1007 1590 cujus
1045 1505 1295 1565 obitum
1360 1505 1688 1590 Aegyptus
1720 1527 1871 1566 ean-

131 1597 279 1660 dem
318 1612 583 1680 experta
655 1612 747 1659 est
794 1611 1072 1673 sortem3
1133 1618 1329 1680 quam
1380 1595 1506 1680 jam
1562 1596 1865 1680 perprius

127 1703 335 1749 cetera
395 1689 657 1773 Imperii
718 1685 1114 1748 Macedonici
1192 1709 1386 1769 regna
1446 1685 1868 1758 subiveruut,

125 1800 353 1862 nempe
413 1776 641 1837 ditioni
678 1778 1118 1837 Romanorum
1173 1775 1451 1862 adjecta,
1501 1791 1565 1838 et
1611 1779 1676 1835 in
1732 1773 1871 1835 sor-

132 1891 302 1929 mam
335 1870 707 1953 provinciae
747 1865 999 1929 redacta
1040 1879 1147 1927 est.

293 1960 552 2021 Praeter
602 1970 971 2020 enumerata
1035 1978 1228 2039 regna
1272 1979 1305 2017 e
1354 1956 1555 2016 ruinis
1606 1954 1869 2016 Monar-

127 2046 304 2111 chiae
348 2046 791 2111 Macedonicae
834 2049 1193 2132 surgentia,
1241 2048 1433 2109 etiam
1456 2048 1871 2124 Epiroticam

126 2136 246 2201 hoc
296 2153 586 2225 tempore
655 2138 907 2202 celebre
975 2139 1250 2214 exstitit3
1297 2152 1362 2199 et
1419 2135 1681 2222 quidem
1752 2134 1870 2196 sub

132 2231 394 2308 Pyrrho
463 2251 612 2314 rege
667 2254 701 2292 c
765 2231 1035 2315 posteris
1091 2227 1416 2289 fortissimi
1466 2228 1865 2288 Graecorum

133 2317 308 2381 ducis
354 2322 628 2380 Achillis
680 2318 1136 2393 descendente,
1171 2322 1489 2404 potentiae
1537 2341 1688 2379 suae
1723 2340 1869 2401 gra-

132 2408 287 2471 dum
326 2413 575 2494 attigit:
636 2413 699 2492 b)
747 2413 856 2496 qui
894 2412 1079 2472 initio
1126 2411 1191 2469 in
1233 2409 1669 2472 Macedoniam
1705 2410 1873 2468 irru-

131 2499 296 2561 endo
333 2524 602 2585 regnum
649 2505 855 2586 ipsum
896 2501 1268 2585 occupavit3
1336 2524 1465 2585 quo
1527 2498 1784 2560 demum
1838 2524 1870 2558 a

129 2593 528 2668 Lysimacho
590 2592 997 2677 spoliabatur.
1048 2594 1106 2672 c)
1157 2592 1276 2651 Ast
1315 2590 1581 2675 amplius
1638 2592 1702 2648 in
1752 2611 1867 2664 ρο,

129 2694 203 2738 ut
233 2683 297 2740 in
352 2684 671 2764 Legitimo
722 2684 1021 2768 Principe
1069 2685 1270 2742 virtus
1316 2684 1579 2755 enituit,
1627 2679 1780 2740 dum
1836 2703 1871 2738 a

135 2771 498 2833 Tarentinis
534 2773 599 2831 in
640 2772 879 2834 Italiam
904 2788 1063 2834 esset
1102 2784 1606 2839 vocatus-contra
1637 2771 1872 2830 Roma-

969 2863 1027 2923 A
1075 2888 1109 2924 a
1653 2881 1784 2932 nOS,

205 3076 263 3138 a)
309 3073 538 3128 Pausan.
578 3074 642 3130 L.
684 3072 736 3130 1.
778 3094 822 3127 c.
860 3072 905 3125 6.
992 3072 1047 3146 b)
1081 3073 1259 3127 Justin
1298 3073 1358 3131 L.
1414 3072 1496 3127 17.
1543 3095 1585 3127 c.
1625 3073 1675 3131 3.
1710 3078 1859 3150 apud

301 3144 664 3198 Plutarchum
708 3146 764 3198 in
798 3147 911 3198 vita
934 3145 1158 3218 Pyrrhi.
1210 3146 1262 3217 c)
1304 3146 1457 3198 idem
1502 3147 1634 3203 ibid,
