2048 3786
373 155 465 217 ΞΑ
911 160 1343 216 Historia

297 329 611 386 Clzidclekel
626 373 638 396 ,
677 333 784 404 qui
815 353 845 386 a
876 335 1104 401 Graecis
1133 333 1318 406 Tigris
1357 334 1594 402 dicitur3
1632 335 1699 387 ab
1722 336 1989 389 Arabibus

291 415 424 454 'vero
459 403 632 456 Sclzat
656 407 718 457 al
741 404 905 457 Arab
934 424 1028 457 seu
1048 406 1248 458 fluvius
1286 407 1549 460 Arabum.
1623 412 1722 459 Ast
1755 408 1994 460 inunda-

288 472 372 524 tio
408 474 570 526 Orbis
606 493 708 547 per
736 475 1004 528 diluvium
1034 475 1169 527 adeo
1188 477 1274 528 vel
1310 478 1537 546 vestigia
1566 475 1903 544 devastavit3
1930 496 2006 530 ex-

289 544 489 614 quibus
511 547 645 597 situs
681 565 741 597 ac
776 547 928 615 regio
976 546 1214 618 paradisi
1245 548 1463 600 definiri
1495 548 1686 619 possit,
1725 557 1792 600 ut
1822 567 1888 599 nc
1910 566 2006 601 ve-

288 615 593 668 rosimilcm
630 616 1000 686 conjecturam
1045 617 1212 670 hodie
1246 619 1375 671 inde
1413 618 1608 670 elicere
1644 618 1823 671 liceat.

470 711 517 790 ᾗ.
572 716 627 771 2.
679 714 903 771 Status
952 715 1183 773 Mundi
1208 759 1224 787 ,
1279 726 1339 772 et
1378 716 1726 771 Hominum
1743 719 1995 789 primo-

287 820 447 857 rum.
490 801 738 861 Primus
774 816 966 886 atque
1000 803 1261 861 maximi
1306 805 1608 863 momenti
1647 816 1909 863 eventus
1928 804 1995 860 in

289 887 513 949 Veteri
545 889 828 951 Historia
876 891 1148 952 babetur
1218 894 1479 950 Creatio
1520 895 1768 951 Mundi.
1815 889 2004 950 Haud

283 979 457 1039 enim
524 977 716 1040 dubie
771 977 896 1062 jam
952 984 1358 1065 perspicuum
1405 996 1496 1042 est
1544 1004 1621 1041 ex
1681 983 2005 1041 saniorum

283 1069 594 1128 mentium
624 1067 949 1145 doctriniS‚
973 1070 1284 1130 Mundum
1323 1093 1531 1154 neque
1549 1070 1849 1146 fortuit03
1891 1092 2004 1129 ne-

288 1178 415 1237 que
453 1179 487 1215 a
516 1179 580 1218 se
613 1160 749 1241 ipso
784 1159 1115 1236 coaluisse3
1162 1182 1371 1243 neque
1403 1161 1481 1220 ab
1515 1174 1772 1220 aeterno
1809 1160 2004 1218 exsti—-

284 1247 466 1322 tisse3
497 1245 606 1306 sed
643 1248 957 1329 singulare
1000 1247 1262 1331 aliquod
1305 1251 1572 1311 Divinae
1600 1250 2001 1330 omnipoten-

282 1336 409 1394 tiae
442 1335 616 1418 Opus
650 1357 795 1403 esse,
844 1332 952 1396 Ab
980 1333 1093 1396 hac
1129 1341 1463 1414 sententia,
1490 1340 1817 1421 opiniones
1853 1333 2002 1396 Phi—-

280 1420 723 1507 Iosophorum,
756 1425 824 1506 a)
866 1427 979 1510 qui
1020 1448 1202 1487 sanae
1239 1428 1501 1487 rationis
1535 1447 1793 1509 prorsus
1830 1428 2000 1484 vari—

279 1525 388 1572 um
433 1511 673 1574 faciunt
688 1536 890 1590 usum,
938 1514 1140 1601 probe
1177 1514 1622 1577 discernendae
1655 1528 1816 1574 sunt.
1834 1513 2004 1575 Deus

280 1604 777 1687 omnipotentiae
802 1626 948 1665 suae
981 1605 1259 1681 viribus,
1319 1627 1449 1666 uno
1482 1618 1805 1665 momento
1853 1607 2004 1677 uni-

279 1712 534 1752 versum
567 1691 920 1777 producere
946 1697 1248 1777 potuisset
1271 1695 1514 1770 orbem,
1544 1693 1652 1755 sed
1688 1694 1893 1753 visum
1910 1707 2003 1754 est

277 1781 615 1843 immensae
654 1780 784 1866 ejus
820 1785 1160 1868 sapientiae
1205 1805 1308 1844 sex
1348 1782 1596 1844 dierum
1635 1784 1905 1868 spatium
1930 1784 1995 1841 in

277 1871 469 1930 totius
502 1870 1040 1934 effabricationem
1087 1875 1432 1950 insumere3
1478 1871 1653 1956 cujus
1694 1872 1998 1956 sapientia

277 1958 565 2021 elucebat
605 1961 792 2021 etiam
826 1963 891 2021 in
924 1960 1147 2023 ordine
1178 1982 1248 2020 ac
1285 1965 1723 2024 consecutione
1749 1960 1997 2021 diutur-

274 2070 505 2109 norum
536 2072 892 2134 pensorum.
929 2049 1379 2113 Praecedentia
1411 2053 1582 2112 enim
1604 2052 1823 2110 Divini
1860 2051 1997 2112 Nu-

271 2138 461 2198 minis
490 2160 683 2222 opera
718 2162 1063 2201 connexam
1110 2140 1447 2224 quamdam
1492 2162 1636 2200 cum
1674 2142 1996 2222 sequenti-

272 2226 389 2287 bus
421 2231 630 2311 pensis
667 2228 1030 2290 indicabant
1072 2229 1412 2292 utilitatem
1436 2276 1450 2305 ,
1488 2244 1552 2291 et
1588 2228 1665 2289 ad
1700 2253 1770 2291 ea
1807 2228 1993 2288 influ-

274 2338 460 2393 xum3
507 2316 678 2377 aliud
712 2322 881 2380 enim
925 2317 1091 2379 haud
1140 2334 1276 2380 erat
1301 2342 1662 2395 necessum,
1709 2342 1899 2403 quam
1917 2333 1989 2379 ut

266 2404 537 2466 mundus
574 2406 652 2466 ad
694 2407 1175 2491 productionem
1193 2424 1257 2469 et
1279 2411 1823 2471 conservationem
1855 2429 1991 2469 cre-—

267 2499 577 2556 scentium
608 2511 672 2557 et
700 2500 1052 2559 viventium
1091 2497 1456 2558 animalium
1489 2497 1746 2559 idoneus
1767 2497 1990 2560 redda—

267 2597 388 2644 tur.
483 2584 635 2647 Ideo
678 2587 847 2649 Deus
872 2590 1093 2672 primis
1119 2587 1339 2649 diebus
1379 2611 1442 2649 se
1484 2590 1652 2647 circa
1687 2585 1839 2650 haec
1882 2610 1987 2648 oc-

262 2677 566 2757 cupavit;
603 2691 666 2737 et
707 2691 849 2761 post
900 2693 1337 2762 praeparatam
1385 2692 1823 2739 creaturarum
1877 2673 1987 2736 ha-

261 2761 675 2842 bitationem,
728 2782 1189 2845 successerunt,
1239 2770 1411 2853 ipsae
1456 2782 1816 2843 creaturae,
1866 2766 1989 2826 ubi

328 2912 389 2986 a)
428 2915 581 2967 VVelt
613 2913 856 2968 Historic
885 2916 1093 2969 amleit.
1135 2916 1203 2969 Τ.
1237 2920 1276 2972 Ι,
1314 2937 1371 2990 p.
1402 2918 1451 2971 9.
1486 2918 1580 2971 ubi
1616 2918 1970 2991 Hypotheses

416 2985 709 3047 Parthesii,
746 2986 974 3039 Burneti
1008 2996 1061 3039 et
1083 2989 1381 3055 VVinstoni,
1420 3000 1730 3061 comparate
1765 2990 1832 3042 ad
1866 2989 1965 3040 de-

412 3056 875 3135 monstrationem
920 3058 1188 3138 Mosaicae
1221 3061 1578 3136 expositionis
1615 3062 1964 3136 explanatum

409 3136 463 3179 et
499 3146 558 3182 m
597 3145 830 3181 examen
867 3139 1184 3185 assumitur.
