2048 3786
533 240 1183 314 Spartanorum.
1527 242 1646 302 521

39 439 169 501 quo
201 430 482 501 tempore
518 417 792 480 diversas
852 419 1211 500 provincias
1247 417 1490 498 adienS,
1538 425 1739 483 natio-

36 529 189 568 num
228 506 390 589 leges
422 521 486 566 et
524 509 841 582 instituta,
892 508 1283 589 potissimum
1323 510 1562 568 Minois
1587 512 1735 571 Cre-

39 599 228 657 tensis
265 611 328 656 et
366 594 828 680 Aegyptiorum
866 595 1279 654 scrutabatur.
1347 595 1494 680 Ejus
1551 598 1743 658 absen

34 688 120 743 tia
151 685 484 769 paulopost
519 685 722 744 turbis
749 685 1057 743 intestinis
1089 683 1239 743 dum
1265 687 1431 744 viam
1462 689 1741 770 aperuis-

35 788 164 849 set,
212 774 462 834 tandem
500 788 641 857 post
670 773 882 834 decem
918 794 1110 832 annos
1162 772 1237 832 ad
1281 796 1376 835 eas
1415 774 1744 860 sopiendas

33 885 68 920 a
112 865 436 946 sagatioris
483 865 719 946 ingenii
749 860 994 921 civibus
1027 877 1390 939 revocatus,
1424 866 1744 949 optimati-

34 951 150 1011 bus
186 951 576 1028 auctoribus,
617 955 880 1035 ipsoque
918 952 1219 1010 Clzarilcw
1263 948 1742 1036 Rempublicam

32 1039 444 1100 ordinandam
473 1042 835 1101 constituit:
885 1061 1134 1122 cunque
1169 1040 1424 1102 vidisset
1454 1063 1517 1103 se
1555 1044 1742 1102 tantis

36 1129 214 1190 malis
259 1130 500 1191 mederi
543 1128 919 1213 particulari
955 1128 1408 1191 reformatione
1452 1153 1579 1191 non
1598 1152 1743 1216 pos·

35 1240 101 1279 se
126 1266 142 1294 ,
180 1220 435 1281 totalem
459 1222 761 1302 suscepit:
803 1216 879 1276 ad
909 1240 1098 1300 quam
1117 1219 1560 1302 perficiendam
1579 1223 1714 1304 opti
1741 1254 1746 1261 ·

33 1330 136 1369 me
168 1323 436 1371 noverat
465 1329 529 1369 se
559 1310 790 1369 Divina
822 1307 1240 1391 Humanaque
1283 1331 1402 1392 ope
1439 1308 1738 1393 indigere.

34 1398 369 1473 Divinam,
439 1400 503 1456 in
541 1397 811 1458 Oraculo
857 1394 1165 1479 Delphico
1212 1397 1522 1475 obtinuit3
1589 1401 1740 1482 quia

36 1485 223 1568 fflUd?
263 1486 461 1568 Leges
494 1510 530 1545 a
584 1490 887 1564 Lycurgo
921 1483 1151 1544 dandas
1206 1506 1333 1547 non
1367 1486 1555 1548 modo
1590 1510 1738 1548 sva-

34 1577 115 1634 sit
138 1599 154 1653 3
187 1574 294 1636 sed
331 1575 515 1659 plane
556 1577 629 1635 iis
666 1589 946 1636 utentem
991 1576 1311 1635 civitatem
1349 1575 1594 1637 felicem
1643 1576 1741 1636 fu-

37 1678 247 1723 turam
271 1663 629 1725 declaravit.
657 1664 1011 1723 Humanam
1035 1678 1242 1724 autem
1284 1686 1468 1748 opem
1496 1668 1559 1724 in
1584 1669 1741 1724 ami-

35 1755 124 1812 cis
160 1755 440 1827 invenit,
488 1754 719 1837 quibus
766 1755 1077 1835 privatam
1116 1752 1476 1826 felicitatem
1501 1800 1517 1829 ,
1565 1753 1742 1837 justi-

35 1844 157 1902 tiae
210 1856 274 1903 et
329 1845 527 1903 amori
581 1845 821 1927 patriae
874 1842 1370 1926 postponendam
1416 1845 1737 1926 persvasit.

33 1931 253 2012 Itaque
285 1953 449 1991 anno
493 1946 637 1992 ante
683 1929 790 1990 Ch.
842 1931 985 1991 884.
1027 1932 1093 2011 a)
1141 1931 1549 2015 Reipublicae
1579 1930 1737 1993 hanc

29 2017 205 2080 dedit
241 2022 799 2102 organisationem:
847 2024 891 2078 I.
940 2019 1130 2079 Binos
1167 2021 1367 2102 Reges
1403 2024 1497 2080 uti
1555 2035 1737 2082 antea

29 2122 211 2168 erant
254 2111 573 2191 permisit,
608 2107 716 2169 sed
741 2109 814 2168 iis
839 2107 1038 2168 solum
1079 2111 1380 2169 concessit
1424 2107 1519 2193 jus
1556 2134 1739 2194 prae—

31 2196 273 2257 sidendi
318 2202 382 2256 in
426 2198 852 2272 consessibus,
900 2199 1244 2280 Imperium
1261 2197 1537 2261 militare
1578 2214 1735 2261 tem-

31 2307 188 2367 pore
233 2287 424 2362 belli,
460 2303 520 2349 et
549 2310 860 2348 summum
902 2286 1348 2347 sacerdotium:
1399 2291 1482 2347 ita
1526 2304 1732 2349 tamen

31 2388 103 2432 ut
149 2377 355 2458 siquid
388 2375 800 2460 deliquissent
843 2390 1061 2435 contra
1118 2377 1360 2459 legem,
1425 2377 1501 2436 ad
1541 2401 1733 2460 quae-

35 2464 300 2524 stionem
339 2463 502 2523 trahi
549 2480 612 2525 et
645 2467 859 2547 puniri
899 2467 1150 2547 possint.
1170 2464 1354 2525 Unde
1384 2468 1729 2544 Lycurgus

25 2547 191 2613 forte
212 2556 430 2612 unicus
466 2552 812 2637 Legislator
836 2568 1000 2627 erat,
1027 2556 1136 2636 qui
1166 2554 1329 2636 leges
1343 2577 1528 2638 supra
1554 2552 1728 2615 thro-

27 2662 212 2716 num,
260 2656 322 2702 et
368 2644 768 2725 Magistratus
822 2644 987 2699 circa
1043 2642 1305 2705 scabella
1351 2641 1563 2703 throni
1613 2647 1729 2705 eis-

31 2727 172 2789 dem
225 2733 532 2792 inservire
583 2732 824 2812 coegit,
869 2729 1013 2792 dum
1060 2730 1164 2789 alii
1222 2730 1503 2793 homines
1551 2735 1614 2793 in
1655 2756 1730 2794 eo

30 2818 374 2896 collocant,
443 2836 504 2881 et
533 2820 610 2880 ad
652 2841 872 2880 eorum
901 2818 1090 2904 pedes
1153 2842 1351 2881 sacras
1406 2819 1732 2905 deponunt

982 2909 1045 2967 X
1544 2911 1636 2973 le-

101 3098 160 3171 a)
192 3101 393 3152 Pausan
411 3097 543 3153 L.5.
585 3117 628 3148 c.
665 3096 713 3149 4.
753 3062 1031 3152 i‘lt1tarch4
1069 3100 1126 3153 in
1163 3099 1438 3173 LycurgO.
1477 3101 1545 3156 Τ.
1579 3103 1628 3156 2.
1666 3122 1724 3177 Ρ.

188 3168 276 3225 39.
324 3187 469 3239 seqq.
510 3169 773 3221 Eusebius
814 3171 870 3220 in
899 3172 1103 3224 Chron.
