2048 3786
622 248 1203 313 Chinensium.
1527 265 1650 327 245

51 416 211 503 ipsos
247 424 432 484 etiam
466 427 728 504 Mingas
775 430 1040 513 imperio
1066 437 1433 516 privarunt3
1479 455 1541 501 et
1572 465 1737 502 sum-

49 530 148 565 ma
187 533 401 570 rerum
436 512 633 573 delata
658 530 750 574 est
796 517 1086 581 Familiae
1135 524 1275 583 VII.
1324 549 1547 609 nempe
1590 533 1735 589 Zin-

42 615 170 673 gae
213 619 318 658 seu
358 602 710 660 Mcmclsclm
752 627 798 662 a.
849 604 954 664 Ch.
1011 611 1193 670 1644.
1246 635 1321 673 ex
1353 637 1475 696 qua
1525 617 1734 700 Stirpe

48 684 113 740 in
149 681 519 746 hodiernum
556 711 750 771 usque
789 692 971 769 diem,
1012 695 1344 761 Cliinenses
1379 702 1518 786 jure
1557 701 1736 785 here—7

44 768 277 831 ditario
315 774 434 832 sibi
468 780 880 858 Imperatores
913 780 1157 845 habent.

141 890 143 893 ·
205 860 250 936 ᾗ
300 862 408 920 IV.
459 866 681 923 Status
719 870 928 945 Belli,
962 885 1022 929 et
1052 878 1349 932 memoria
1368 879 1734 956 Principum

52 948 367 1005 Virorum.
416 950 560 1010 Post
592 952 1041 1037 dispersionem
1070 961 1509 1043 Babylonicam
1548 971 1735 1028 etiam

51 1029 251 1091 China
288 1058 414 1095 non
457 1040 796 1125 multopost
819 1046 939 1105 coli
980 1053 1199 1133 coepit.
1244 1053 1308 1131 a)
1358 1055 1539 1115 Unde
1582 1078 1733 1116 con-

46 1118 349 1204 jecturam
382 1124 780 1190 Chinensium
835 1139 1090 1197 omnino
1146 1162 1367 1198 vanam
1426 1164 1585 1219 esse,
1635 1145 1735 1205 vel

43 1230 121 1268 ex
174 1231 247 1268 eo
300 1217 665 1278 sufficienter
724 1222 1073 1305 intelligere
1140 1249 1496 1310 possumus:
1563 1232 1734 1314 quod

42 1299 223 1356 sicuti
264 1303 383 1360 sibi
420 1303 570 1364 duos
608 1308 833 1385 oculOS,
874 1311 1005 1372 aliis
1054 1315 1299 1397 populis
1338 1341 1490 1378 vero
1530 1323 1732 1379 omni-

43 1385 156 1444 bus
181 1409 372 1448 unum
413 1393 717 1470 tribuunt,
758 1400 843 1456 sic
869 1414 930 1460 et
959 1406 1295 1463 vetustiora
1339 1407 1563 1466 natalia
1587 1430 1733 1489 per·-

39 1496 254 1556 peram
303 1481 722 1560 contendunt3
768 1488 984 1547 mundi
1055 1490 1430 1576 humanique
1483 1500 1727 1578 generis

38 1565 346 1644 originem
393 1583 453 1627 et
474 1578 981 1655 propagationem
1004 1581 1379 1660 ig1101²ante5‚
1409 1583 1573 1644 unde
1594 1583 1730 1666 jure

41 1650 124 1709 ob
150 1651 296 1714 tales
320 1660 615 1720 vanitates
642 1663 720 1720 ab
745 1666 1087 1724 Hccrclac'no
1123 1669 1182 1747 b)
1206 1669 1525 1754 redarguti
1567 1688 1728 1733 sunt.

36 1739 329 1801 Ceterum
354 1748 773 1829 antiquissima
801 1753 1076 1813 Historia
1101 1756 1502 1818 Chinensium
1535 1783 1568 1817 a
1601 1762 1731 1820 Do-

35 1829 272 1887 minatu
309 1830 575 1895 familiae
620 1840 872 1914 stema,
919 1863 1024 1902 seu
1044 1844 1121 1902 ab
1155 1869 1202 1903 a.
1230 1862 1371 1907 ante
1395 1846 1499 1906 Ch.
1540 1852 1723 1909 1125.

34 1918 299 1976 maxima
336 1941 478 1981 cum
513 1925 957 2006 probabilitate
1004 1930 1348 1992 deducitur.
1400 1937 1538 2008 Quo
1567 1951 1724 1996 tem—

29 2025 183 2085 pore
240 2005 645 2071 Chinensium
667 2030 880 2076 auctor
907 2033 969 2078 et
994 2042 1120 2079 non
1153 2024 1506 2104 Imperator
1538 2023 1722 2085 fuisse

34 2091 314 2155 creditur
379 2100 691 2180 lVawang
719 2149 734 2178 ,
775 2108 884 2186 qui
939 2110 1321 2186 Degvitzesc'o
1370 2127 1520 2172 teste
1580 2134 1722 2175 cum

2 2181 221 2241 5000.
290 2182 613 2248 hominum
663 2197 958 2253 comitatu
1003 2219 1077 2256 ex
1129 2199 1415 2283 Aegypto
1453 2204 1729 2277 venienS‚

31 2271 153 2328 suis
208 2275 386 2332 sociis
419 2279 621 2358 prima
655 2278 1049 2344 humanitatis
1097 2286 1448 2349 rudimenta
1493 2311 1723 2372 propo-

30 2359 170 2415 suit.
221 2361 515 2422 Suooessu
550 2366 693 2427 dein
734 2375 1030 2454 temporis
1067 2378 1286 2457 spatio,
1335 2379 1729 2459 potissimum

32 2444 112 2502 ab
156 2469 314 2508 anno
351 2465 492 2511 ante
544 2453 651 2514 Ch.
699 2461 838 2518 770.
889 2464 1160 2523 minores
1203 2464 1603 2525 Chinensium
1640 2469 1728 2526 ci-

34 2535 256 2595 vitates
296 2539 458 2597 inter
515 2562 576 2602 se
612 2544 770 2604 bella
813 2568 1032 2628 gerere
1071 2568 1415 2635 coeperunt
1439 2600 1453 2627 ‚
1500 2560 1728 2637 quibus

36 2622 338 2686 intestinis
397 2627 574 2689 bellis
616 2631 977 2696 defunctum
1035 2642 1434 2715 Corduenam,
1495 2646 1727 2704 Civitas

851 2725 990 2797 Q2
1534 2735 1638 2792 La

67 2895 76 2898 ”
109 2881 171 2946 α)
209 2879 596 2948 Degvinesius.
630 2887 878 2960 Scriptor
927 2878 1129 2946 Gallus.
1172 2896 1296 2954 Lib.
1334 2898 1398 2947 de
1437 2899 1599 2951 rebus
1638 2901 1726 2952 Si—

197 2949 335 3000 nicis
387 2951 505 3003 fuse
545 2957 776 3011 disserit.
850 2959 904 3030 b)
946 2963 1155 3020 Chron.
1195 2968 1313 3024 Vet.
1346 2969 1501 3025 Test.
1545 2990 1600 3040 p.
1639 2971 1725 3023 21.

197 3037 323 3070 nam
359 3039 418 3072 ea
454 3042 586 3093 quae
618 3027 675 3078 in
726 3030 979 3084 Confueii
1015 3034 1167 3087 libris
1202 3037 1411 3090 duobus
1444 3043 1720 3092 continen-

200 3098 334 3210 tul-⁹
373 3092 527 3164 longe
561 3107 682 3150 ante
731 3099 920 3154 Mosen
974 3106 1174 3177 scripta
1212 3127 1342 3167 esse.
1379 3111 1561 3163 credat
1609 3114 1726 3183 quis

201 3176 262 3210 ve
291 3169 347 3213 it.
