2048 3786
370 181 495 239 504
1006 183 1277 239 Ilisto
1302 186 1453 239 ricc.

274 376 548 446 spectam
623 360 844 445 agendi
917 364 1228 424 rationem
1290 361 1547 423 domum
1624 376 1992 439 revocatus,

273 467 339 514 et
371 453 590 535 capitis
630 451 956 512 damnatus
998 454 1205 535 periit.
1249 454 1315 533 a)
1364 453 1479 510 Cui
1516 453 1801 511 omnium
1837 473 1992 513 con-

274 541 744 603 foederatorum
768 543 932 602 votis
966 563 1242 602 summus
1277 544 1420 601 Dux
1447 541 1834 601 Graecorum
1854 562 1993 601 suc-

273 634 457 692 cessit
501 633 718 690 Cimon
770 633 1099 690 Miltiadis
1158 630 1356 704 filius,
1405 645 1468 691 et
1516 630 1836 689 Aristidis
1893 627 1993 689 di-

273 718 582 804 scipulusg
620 722 730 802 qui
766 733 909 804 post
946 722 1380 779 Themistoclis
1396 717 1776 805 proditionis
1808 739 1990 778 accu-

274 812 387 870 sati
426 807 501 867 ad
539 810 754 868 Persas
798 807 1048 891 fugmng
1081 811 1142 892 b)
1189 811 1405 870 Persas
1441 832 1475 870 e
1517 809 1668 891 Cyri
1701 807 1989 870 Urbibus

272 913 334 959 et
378 898 520 957 Asia
549 899 797 957 minore
817 896 1031 978 ejecit3
1066 902 1192 958 imo
1233 921 1357 957 una
1387 897 1489 959 die
1515 912 1641 957 tam
1681 895 1759 958 de
1798 896 1988 958 classe

270 1010 473 1071 prope
523 989 1055 1063 Eurymedontem
1097 985 1358 1046 fluvium
1383 1034 1397 1062 7
1427 989 1485 1068 c)
1531 1009 1721 1070 quam
1756 985 1835 1047 de
1860 1000 1990 1048 ter-

270 1076 576 1136 restribus
622 1077 820 1158 copiis
865 1074 1149 1158 dupplici
1194 1078 1461 1135 victoria
1517 1078 1791 1159 potit1133
1836 1097 1988 1136 mox

272 1169 374 1225 80.
416 1161 804 1224 Phoenicum
820 1185 1007 1227 naves
1057 1166 1284 1248 partim
1317 1167 1517 1248 cepit,
1559 1167 1790 1246 partim
1838 1165 1990 1225 sub*

267 1257 517 1314 mersit:
556 1275 679 1335 qua
714 1255 976 1313 victoria
1009 1256 1222 1312 Cimon
1254 1276 1398 1313 cum
1437 1255 1639 1315 Persis
1672 1252 1990 1315 celebrem

267 1366 486 1426 pacem
524 1343 993 1402 Cimonniacam
1019 1344 1223 1417 inivit,
1250 1344 1455 1404 Persis
1487 1345 1989 1426 ignominiosam,

267 1431 374 1493 sed
399 1433 653 1493 Graecis
677 1432 897 1493 utilem
915 1478 931 1508 ,
980 1447 1050 1491 ut
1071 1436 1135 1491 in
1156 1434 1417 1494 Persicis
1443 1432 1730 1494 vidimus.
1758 1466 1845 1478 -—
1867 1431 1987 1494 Ast

266 1524 673 1581 Artaxerxes
713 1524 1191 1602 Longimcmus,
1231 1537 1301 1582 ut
1346 1525 1760 1584 victoriarum
1792 1545 1828 1581 a
1880 1525 1987 1581 Ci-

268 1635 443 1671 mone
489 1611 831 1673 relatarum
885 1633 1140 1672 cursum
1204 1611 1578 1697 impediret,
1636 1615 1696 1671 T
1688 1614 1985 1671 hemisto-

267 1706 421 1761 clem
456 1704 520 1761 in
548 1701 687 1762 aula
723 1724 828 1761 sua
853 1724 1079 1785 magno
1103 1699 1344 1764 honore
1367 1699 1648 1761 habitum
1670 1748 1686 1777 ,
1737 1703 1983 1760 Cimoni

268 1813 593 1875 opponere
622 1791 949 1874 cupiebat3
990 1791 1096 1852 sed
1149 1789 1284 1867 hic,
1328 1806 1400 1853 ut
1441 1792 1671 1874 ingrati
1709 1792 1983 1851 nominis

265 1882 574 1942 maculam
605 1884 910 1956 evitaret,
956 1884 1166 1965 potius
1200 1904 1442 1943 veneno
1473 1881 1721 1941 sufferri
1762 1879 1981 1940 voluit.

268 1969 459 2055 Cujus
511 1970 828 2031 funestum
863 1972 1206 2046 interitum,
1255 1970 1438 2054 longe
1466 1969 1771 2031 funestior
1807 1990 1980 2030 casus

269 2063 335 2120 in
377 2061 651 2121 Laconia
677 2062 946 2143 excepit,
994 2059 1257 2121 ubifere
1297 2083 1370 2121 eo
1396 2075 1683 2143 tempore
1716 2062 1973 2134 20‚000.

264 2148 593 2211 hominum
633 2163 842 2210 terrae
881 2164 1058 2209 motu
1102 2152 1446 2232 perierunt.
1541 2151 1677 2222 Qua
1703 2150 1976 2210 occasio-

265 2262 346 2300 ne
376 2242 471 2299 usi
520 2239 785 2301 Helotae
811 2263 835 2315 5-
874 2237 1244 2302 seditionem
1279 2241 1343 2298 in
1391 2261 1643 2300 severos
1690 2261 1829 2299 suos
1867 2235 1981 2297 do-

264 2330 466 2389 minos
500 2331 902 2389 concitarunt
926 2376 940 2402 ,
989 2350 1147 2413 quos
1198 2331 1413 2388 Cimoli
1456 2328 1719 2390 obtento
1745 2351 1778 2386 a
1817 2329 1976 2411 Rep.

264 2420 578 2480 exercitus
621 2417 888 2480 ducendi
947 2440 1210 2479 munere
1236 2464 1252 2493 ,
1299 2421 1653 2503 composuit
1683 2415 1937 2499 quidem
1959 2461 1977 2491 ‚

262 2508 369 2568 sed
400 2532 596 2591 quum
638 2531 781 2592 pars
826 2508 1201 2570 Helotarum
1236 2506 1444 2568 denuo
1470 2505 1811 2590 majoribus
1843 2508 1978 2564 ani-

261 2600 377 2659 mis
418 2597 928 2660 Lacedaemoniis
958 2594 1285 2663 hostiliter
1310 2600 1706 2671 immineret,
1759 2599 1973 2654 Cimon

1691 2688 1883 2770 Spar-
2021 2687 2026 2690 ’

327 2916 388 2991 α)
442 2918 606 2969 idem.
637 2915 775 2969 ibid.
813 2936 856 2967 c.
902 2914 1023 2969 129.
1054 2934 1208 2986 seqq.
1244 2916 1406 2967 Corn.
1439 2915 1639 2985 Nepos.
1669 2917 1899 2970 Pausan.
1923 2935 1972 2971 c.

419 2988 474 3044 3.
505 3007 656 3058 seqq,
699 2987 929 3041 Diodor.
966 2987 1139 3040 Sicul.
1189 2987 1256 3040 L.
1293 2985 1383 3042 11.
1415 3005 1473 3055 p.
1527 2986 1652 3040 1265.
1703 2984 1756 3051 b)
1805 2987 1971 3055 Cujus

414 3059 600 3128 fugam
647 3058 865 3109 Dimlor.
896 3057 1066 3108 Sicnl.
1106 3058 1168 3108 L.
1208 3054 1289 3110 11.
1325 3077 1380 3131 p.
1410 3056 1531 3113 269.
1558 3059 1625 3111 ad
1661 3076 1864 3112 anuum
1883 3076 1970 3111 se·-

418 3130 657 3182 cundum
700 3129 922 3200 Olymp.
970 3127 1051 3180 ¹77.
1079 3127 1268 3181 refert.
