2048 3786
618 187 1191 246 Clzc’tzensizcm.
1567 188 1688 246 257

98 369 177 426 sis
223 366 418 426 filium
449 362 652 439 fuisse,
701 365 808 446 qui
844 377 1099 421 utnatus
1138 376 1286 435 erat,
1331 383 1485 422 mox
1528 364 1701 446 loqui
1724 378 1787 425 et

100 455 415 515 ambulare
437 455 673 534 coepit,
720 454 1157 531 neminemque
1181 464 1429 532 praeter
1451 472 1513 510 se
1556 453 1618 508 in
1645 473 1787 511 coe-

107 542 166 602 lo
219 558 284 602 et
322 544 384 600 in
421 556 588 601 terra
615 538 974 598 adoratione
1011 537 1270 619 dignum
1302 535 1500 612 dixit3
1547 535 1688 604 hinc
1723 551 1794 596 ut

108 634 297 712 magis
337 652 399 690 se
439 627 671 710 populo
697 625 1180 700 commendaret,
1228 623 1351 707 jam
1385 628 1448 682 in
1491 627 1619 707 ipsa
1645 625 1794 683 ado-

109 718 398 778 lescentia
433 714 709 775 fastidire
734 717 942 797 coepit
961 736 1172 774 omnes
1191 711 1527 771 mundanas
1558 716 1796 771 vanita-

114 820 202 865 tes
225 848 263 879 ,-
288 804 428 864 ideo
471 825 533 862 se
558 805 621 861 in
670 803 984 863 desertum
1020 803 1347 884 recipiens,
1393 803 1642 860 nonnisi
1681 803 1795 859 tri-

112 896 342 976 gesimo
383 893 595 951 aetatis
635 914 794 951 anno
841 893 1228 972 comparuit,
1278 892 1502 971 spiritu
1554 890 1795 949 Divita-

112 984 188 1039 tis
239 995 301 1040 et
332 978 704 1062 Prophetico
739 978 1041 1062 repletuS,
1088 997 1316 1038 novam
1350 1000 1519 1037 suam
1563 976 1800 1038 doctri-

113 1091 249 1127 nam
315 1071 503 1127 variis
557 1064 871 1127 miraculis
936 1065 1358 1127 confirmatam
1425 1087 1798 1149 proponenS.

113 1153 276 1215 Hinc
301 1156 859 1216 crediderunteum
882 1154 1007 1238 jam
1039 1170 1174 1215 octe
1202 1155 1370 1215 mille
1393 1155 1634 1213 vicibus
1650 1153 1801 1212 fuis-

113 1268 177 1306 se
243 1260 561 1303 mortuum
586 1291 600 1318 ,
637 1248 1030 1327 animamque
1066 1241 1196 1326 ejus
1251 1267 1365 1324 per
1404 1242 1799 1303 diversorum

113 1332 472 1392 animalium
519 1355 786 1416 corpora
826 1331 978 1393 adeo
1017 1335 1488 1416 peregrinatam,
1530 1345 1591 1391 et
1622 1354 1804 1389 mun—

114 1422 256 1480 dam
291 1423 549 1482 evasisse
579 1446 590 1480 ;
620 1436 691 1480 ut
731 1442 895 1480 nunc
924 1442 1116 1504 purus
1157 1420 1392 1502 absque
1414 1419 1649 1478 macula
1681 1421 1806 1502 spi-

116 1512 273 1570 ritus
300 1512 594 1570 existeret
614 1534 630 1587 3
676 1533 870 1592 quare
890 1512 1053 1571 inter
1077 1531 1311 1568 summa
1346 1508 1666 1589 religionis
1706 1529 1805 1565 ca-

116 1601 246 1680 pita
296 1597 542 1657 admisit
570 1597 1166 1681 metempsychosim,
1205 1598 1443 1656 animae
1485 1599 1808 1655 immorta-

115 1686 381 1758 litatem,
419 1688 566 1746 item
606 1690 902 1769 praemia,
925 1686 1026 1747 vel
1051 1707 1276 1769 poenas
1299 1684 1685 1744 delictorum.
1731 1685 1805 1742 In

117 1774 336 1833 morali
390 1774 674 1834 doctrina
705 1790 910 1835 autem
960 1776 1322 1858 proposuit,
1369 1773 1655 1833 omnibus
1694 1770 1808 1829 ho-

116 1863 387 1921 minibus
418 1866 611 1921 vitam
644 1861 963 1923 honestam
990 1908 1005 1937 ,
1060 1862 1334 1920 sobriam
1378 1876 1440 1922 et
1494 1859 1808 1941 exempla-

119 1973 256 2010 rem
284 1972 410 2010 esse
443 1950 805 2026 ducendam,
852 1973 1055 2033 neque
1094 1950 1326 2007 illicitis
1360 1949 1806 2031 voluptatibus,

121 2038 292 2098 furto
320 2085 334 2113 ,
381 2039 739 2114 mendacio,
798 2041 1111 2121 sangvinis
1158 2038 1502 2112 effusione,
1549 2036 1811 2118 aliisque

120 2129 289 2186 vitiis
324 2126 704 2187 foedandam.
770 2127 972 2209 Hujus
1018 2128 1304 2187 Numinis
1368 2130 1493 2184 Foe
1541 2126 1813 2184 ministri

116 2216 501 2275 vocabantur
543 2220 787 2292 Bonsii,
835 2219 944 2299 qui
969 2215 1047 2296 ad
1068 2217 1360 2299 speciem,
1399 2236 1676 2276 severam
1714 2215 1814 2272 vi'-

118 2317 244 2364 tam
276 2304 587 2380 ducenteS,
616 2305 747 2365 aliis
778 2305 1241 2365 misericordiae
1264 2328 1454 2389 opera
1493 2325 1811 2381 commen-

124 2392 363 2452 darunt.
412 2393 745 2454 Habebant
766 2392 829 2451 hi
874 2397 1061 2455 etiam
1089 2396 1470 2451 Doctrinccm
1487 2413 1811 2464 arc-(mam,

127 2504 316 2562 quam
357 2505 391 2539 a
426 2485 551 2540 Foe
574 2480 697 2563 jam
730 2481 849 2565 jam
885 2482 1264 2542 moribundo
1290 2496 1602 2566 acceptam
1636 2503 1813 2540 men-

125 2571 225 2627 titi
274 2583 448 2646 sunt,
493 2573 619 2642 uti:
666 2573 1059 2647 Principium
1087 2583 1148 2628 et
1182 2574 1369 2629 Finis
1423 2574 1689 2628 omnium
1717 2591 1816 2626 re·-

131 2679 272 2714 rum
307 2669 398 2714 est
443 2661 617 2717 nihil.
681 2662 868 2717 Nihil
897 2662 1184 2735 fuimzcs‘,
1227 2673 1288 2717 et
1349 2663 1537 2718 Nihil
1563 2662 1809 2716 erimch.

130 2744 476 2804 Diversitas
522 2749 757 2806 entium
782 2792 797 2822 ,
827 2750 1029 2807 nonisi
1066 2770 1099 2804 a
1133 2745 1331 2829 figura
1369 2761 1429 2807 et
1464 2748 1816 2831 proprieta-

130 2832 296 2892 tibus
331 2832 592 2915 pendet,
636 2857 764 2895 non
787 2858 938 2897 vero
962 2859 995 2896 e
1028 2837 1368 2919 principiis.
1416 2839 1647 2893 Bonzii
1690 2849 1816 2892 tar—

130 2919 268 2980 dius
299 2921 375 2979 ad
416 2921 715 3005 majorem
756 2926 1189 2984 auctoritatem
1225 2925 1343 2984 sihi
1367 2922 1816 2997 conciliandam

135 3009 620 3074 introduxerunt
645 3015 830 3075 etiam
866 3012 1066 3093 idola,
1124 3017 1248 3073 Foe
1288 3003 1523 3076 idoluin
1561 3016 1626 3072 in
1659 3027 1815 3071 tem-

1609 3101 1727 3185 plis
