2048 3786
325 661 1428 778 PRAEFACIO

832 888 962 940 AD

44 1057 534 1127 BENEVOLOS
584 1055 1068 1160 AUDIJsORES
1120 1054 1225 1115 ET
1288 1053 1730 1115 LECTORES.

40 1183 397 1343 Magno
454 1240 936 1312 Eruditorum
1011 1240 1280 1337 plausu
1334 1253 1726 1336 acceptam

42 1348 447 1416 Historiam
473 1343 1019 1436 Pragmaticam
1037 1342 1276 1436 Regni
1304 1340 1734 1435 Hungariae

42 1445 384 1540 proxime
443 1438 745 1508 evoluto
811 1463 1007 1506 anno
1067 1438 1268 1509 1823.
1331 1441 1616 1507 auctius
1662 1438 1741 1502 in

42 1564 255 1609 usum
298 1535 830 1630 Philosophiae
912 1534 1359 1605 Auditorum
1409 1534 1738 1629 vulgavi.

46 1638 268 1707 Nunc
318 1660 541 1714 vem,
595 1647 677 1701 ut
733 1659 988 1702 eorum
1041 1632 1556 1704 ardentissima
1613 1629 1741 1698 du-

43 1733 220 1803 dum
256 1731 660 1828 exigebant
695 1731 895 1819 Vota
920 1733 932 1798 !
955 1730 1214 1799 itidem
1254 1730 1740 1800 Professionis

44 1854 258 1900 meae
300 1827 708 1907 beneficio„
760 1828 1169 1897 Historiam
1220 1824 1748 1896 Universalem

51 1930 432 2007 Gentium,
462 1928 541 1993 in
558 1921 1010 1994 Eorumdem
1036 1923 1567 2021 Philosophiae
1595 1923 1748 1990 Au-

47 2023 372 2094 ditorum
443 2022 761 2118 amplius
820 2023 1402 2093 emolumentum
1439 2078 1458 2105 ‚
1536 2023 1750 2089 novis

48 2121 604 2202 conaminibUS,
655 2119 1177 2218 indefessaque
1234 2120 1532 2191 solertia
1571 2117 1751 2186 illu·-

50 2220 433 2291 strandam
466 2223 778 2313 suscepi.
847 2220 1096 2314 Quare
1153 2223 1402 2289 cuncti
1454 2219 1750 2288 Patriae

49 2320 341 2389 Patres!
393 2332 470 2388 et
503 2316 822 2387 Candidi
853 2320 1347 2388 Scientiarum
1383 2317 1752 2396 CultoreS‚

49 2420 597 2511 tenerrimeque
622 2414 881 2487 dilecti
926 2419 1074 2484 mei
1109 2415 1550 2486 Auditores!
1604 2414 1752 2507 Qui

56 2528 381 2583 mentem
422 2513 912 2608 Sys‘tematica
939 2515 1313 2585 Historiae
1343 2515 1754 2582 Universa-

51 2611 142 2682 lis
199 2613 551 2681 Gentium
626 2618 1046 2710 cognitione
1078 2667 1097 2694 ‚
1163 2615 1524 2682 Actiones
1577 2634 1755 2678 vero

56 2724 339 2780 vestras
389 2710 792 2794 humanas„
843 2715 1033 2784 vivis
1094 2712 1461 2809 Majorum
1506 2732 1754 2776 exem-

61 2805 206 2904 plis
225 2807 756 2903 Philosophica
790 2813 1077 2880 ratione
1099 2807 1196 2876 ad
1228 2807 1544 2877 meliora
1566 2803 1755 2873 ordi-

53 2930 232 2973 nare
298 2905 712 2976 intenditis!
794 2908 1088 2976 Novam
1140 2905 1336 2975 hanc
1390 2928 1632 2972 meam
1681 2906 1759 2969 in

58 3002 210 3071 Vos
247 3016 320 3070 et
364 3005 690 3073 Patriam
729 3008 1124 3100 pietatem,
1162 3008 1439 3101 optimo
1479 3025 1757 3098 quaeso

1549 3124 1664 3168 ac-
