2048 3786
644 199 1124 253 Persarum.
1532 194 1657 254 229

72 377 323 435 interim
360 378 537 436 novis
572 372 912 434 delectibus
949 369 1186 431 bellum
1245 391 1498 453 paranS,
1550 370 1750 430 altero

70 478 209 543 post
229 465 578 522 Arbelicam
611 482 878 544 pugnam
914 481 1076 518 anno
1105 505 1120 533 ,
1157 480 1193 515 a
1230 461 1427 515 Besso
1478 459 1747 516 Bactria-

67 572 295 610 norum
327 549 643 612 Praefecto
674 546 920 632 perfide
943 561 1157 628 captus
1181 558 1245 605 et
1269 542 1608 603 trucidatus
1633 560 1742 619 est,

70 662 120 694 a.
175 654 317 699 ante
375 637 481 698 Ch.
532 639 674 698 550.
722 657 871 702 cum⁴
918 656 1046 717 quo
1092 635 1337 694 Persica
1385 630 1746 690 Monarchia

67 727 370 803 concidit,
406 741 467 787 et
500 728 567 783 in
612 725 958 784 Alexandri
993 725 1084 781 M
1117 734 1485 806 potestatem
1522 741 1748 803 perve-

64 818 174 873 nit.
226 817 292 895 a)

225 904 272 982 ᾗ.
313 902 367 962 5.
412 904 633 961 Status
679 902 1072 967 Literaramf
1100 911 1161 958 et
1213 899 1485 956 Artium,
1533 896 1750 955 Persa-

65 1013 204 1049 rum
247 989 538 1072 politicae
576 990 903 1063 scientiae,
950 987 1100 1048 belli
1127 1001 1329 1062 arteS,
1375 1000 1439 1047 et
1470 983 1750 1043 culturae

71 1077 296 1160 gradus
321 1124 336 1153 ,
383 1078 629 1141 abunde
667 1092 836 1162 patet
871 1100 949 1137 ex
991 1077 1095 1135 illa
1130 1077 1399 1135 maxima
1447 1072 1751 1154 regnandi

68 1182 238 1241 arte,
283 1189 407 1249 qua
459 1166 738 1228 ducentis
783 1180 845 1226 et
892 1164 1156 1248 amplius
1203 1166 1412 1236 anuis,
1473 1160 1754 1236 Mediae,

59 1257 367 1336 Assyriae,
394 1255 799 1337 Babyloniae,
838 1255 1020 1314 Asiae
1072 1255 1325 1323 minori,
1363 1249 1752 1323 Phoeniciae,

64 1344 437 1405 Palaestinae
458 1390 474 1419 ,
519 1344 839 1427 Aegypto,
874 1342 1120 1417 Indiae,
1160 1355 1223 1401 et
1258 1338 1559 1398 Thraciae
1591 1339 1756 1420 parti

61 1432 566 1510 dominabantur,
614 1436 740 1492 imo
772 1430 1123 1514 AethiopeS,
1153 1426 1405 1510 Scythas
1425 1473 1440 1502 ,
1467 1428 1756 1508 ipsosque

66 1522 336 1581 Graecos
379 1521 568 1605 longo
608 1535 891 1605 tempore
937 1532 1222 1602 respectu
1243 1527 1612 1590 tenuerunt,
1647 1513 1762 1573 do-

59 1632 172 1670 nec
191 1630 508 1670 eversores
529 1612 915 1670 exstitissent.
937 1606 1120 1681 Quod
1143 1609 1346 1689 ipsum
1364 1603 1581 1663 mirari
1599 1624 1755 1662 mox

65 1697 415 1758 desinemus
440 1744 456 1773 ,
515 1699 625 1757 ubi
683 1700 1091 1774 Xenophonte
1134 1708 1287 1754 teste
1335 1689 1751 1751 advertimus:

70 1788 275 1846 Persis
305 1787 592 1845 omnibus
632 1789 797 1845 viam
840 1784 917 1844 ad
956 1781 1619 1866 dignitatespatuisse,
1650 1779 1762 1860 qui

66 1877 130 1932 in
178 1874 337 1933 ludis
371 1877 674 1950 instituti,
723 1890 786 1935 et
830 1875 991 1935 bene
1039 1872 1269 1949 eruditi
1305 1882 1498 1930 erant.
1542 1867 1620 1924 Et
1661 1888 1764 1925 re-

67 1983 215 2021 vera
253 1963 470 2022 Gentis
506 1961 684 2045 hujus
715 1978 995 2023 veterem
1027 1964 1091 2019 in
1121 1959 1359 2019 artibus
1399 1970 1461 2017 et
1490 1955 1762 2014 scientiis

60 2053 380 2132 peritiam,
440 2052 802 2134 bonumque
847 2072 1168 2134 saporem,
1214 2045 1400 2106 hodie
1437 2045 1623 2104 etiam
1646 2040 1762 2099 du-

63 2141 305 2199 rissimo
334 2141 635 2199 marmori
675 2142 901 2215 incisa,
938 2138 1015 2197 ad
1049 2135 1433 2219 Persepolim
1472 2145 1614 2194 ante
1658 2130 1759 2191 bis

64 2228 234 2288 mille
273 2250 466 2288 annos
520 2251 833 2304 eversam,
876 2229 1178 2288 exstantia
1208 2234 1612 2285 monumenta
1648 2218 1758 2278 de-

62 2314 300 2375 clarant
325 2362 340 2390 ,
396 2319 460 2375 in
497 2317 725 2400 quibus
766 2316 928 2376 haud
957 2319 1162 2375 minus
1204 2316 1354 2373 artis
1383 2310 1458 2371 ad
1496 2310 1756 2368 maturi-

58 2417 252 2464 tatem
284 2404 618 2488 perductae
663 2408 854 2482 inest,
907 2428 1094 2488 quam
1132 2404 1284 2464 olim
1327 2405 1391 2460 in
1429 2398 1756 2481 Aegyptiis

60 2492 436 2575 Graecisque
464 2494 772 2556 artefactis
803 2517 1041 2555 summa
1064 2515 1206 2553 cum
1238 2491 1439 2576 gloria
1477 2489 1755 2548 eminue—

63 2594 247 2657 runt3
281 2580 450 2663 quod
496 2585 698 2665 ipsum
720 2586 861 2643 satis
909 2581 1186 2641 indicant
1222 2577 1637 2664 aquaeductus
1691 2575 1756 2631 in

61 2670 223 2727 vivis
261 2671 459 2729 Petris
499 2673 727 2746 excisi,
764 2674 855 2731 uti
911 2685 974 2732 et
1027 2670 1420 2730 subterranei
1467 2664 1666 2723 aditus
1688 2664 1753 2719 in

62 2770 188 2814 tam
224 2757 478 2839 longum
517 2773 959 2842 procurrentes
984 2805 999 2836 ,
1030 2773 1101 2818 ut
1135 2779 1319 2840 aegre
1336 2757 1476 2840 quis
1501 2753 1753 2811 initium

1574 2863 1670 2897 11]-

132 3049 194 3123 a)
234 3050 460 3106 Diodor.
494 3051 600 3104 Sic.
637 3052 703 3106 L.
743 3048 829 3106 17.
866 3070 912 3105 o.
962 3047 1044 3101 73.
1081 3047 1325 3102 CurtiuS.
1372 3045 1436 3098 L.
1470 3045 1519 3100 5.
1566 3064 1611 3097 c.
1664 3041 1757 3102 12.

224 3139 369 3193 seqq.
391 3122 588 3178 Justin.
615 3123 676 3174 L.
701 3122 779 3174 11.
808 3140 852 3173 e.
886 3119 972 3175 15.
991 3119 1317 3172 Plutarchus
1336 3116 1393 3170 in
1424 3115 1751 3169 Alexandro-
