2048 3786
621 175 1092 231 Indiortcm.
1504 174 1623 233 267

201 353 246 431 ᾗ.
301 353 353 411 ’5.
376 354 594 409 Status
612 352 979 407 Literaram
1006 363 1063 406 et
1082 353 1349 409 Artium.
1379 350 1511 408 Indi
1537 373 1723 429 genc—

45 433 230 498 ratim
265 463 342 499 ex
369 440 552 519 Lege,
579 438 816 495 Literas
835 460 958 495 non
983 452 1266 513 tractant,
1288 438 1390 497 sed
1433 440 1724 497 memori-

43 543 140 586 ter
177 531 382 585 omnia
421 525 885 600 administrant,
934 539 1135 584 tamen
1186 540 1450 607 propter
1490 524 1726 606 simpli-

38 619 286 673 citatem
326 628 388 673 et
420 615 580 672 vitae
617 611 1073 693 parsimoniam,
1120 616 1325 672 omnia
1362 615 1435 669 iis
1471 634 1725 693 prospe—

42 727 110 762 re
145 701 492 761 succedunt.
534 701 751 758 Omnis
786 702 1183 758 scientiarum
1215 703 1485 782 cognitio
1511 714 1599 759 est
1619 721 1727 781 pe-

44 812 151 850 nes
231 790 820 864 Gynmosoplzistas,
889 809 994 847 seu
1061 791 1532 864 Braclnnmze33
1618 788 1729 869 qui

43 891 292 960 praeter
333 877 666 935 Sacrorum
719 897 961 950 curam,
1022 879 1208 936 etiam
1264 876 1684 957 Astrologiam
1713 920 1728 948 ,

44 961 535 1045 Philosophiam,
574 978 636 1023 et
679 962 984 1023 Medicam
1036 964 1429 1048 profitentur.
1487 966 1731 1023 Horum

40 1050 562 1111 Brachmanorum
600 1050 883 1112 educatio
916 1066 1005 1111 est
1047 1054 1325 1135 specialis
1350 1099 1365 1127 ,
1407 1075 1629 1137 nempe
1670 1053 1731 1108 in

43 1142 244 1200 lucem
276 1139 426 1198 editi
457 1163 604 1199 mox
639 1138 874 1199 festivis
912 1142 1291 1202 carminibus
1327 1140 1735 1216 honorantur3

43 1245 357 1310 tamquam
377 1243 576 1287 essent
596 1228 882 1287 destinati
911 1230 975 1286 in
994 1228 1283 1291 ordinem
1305 1229 1494 1290 Erudi
1504 1245 1731 1288 torum.

44 1318 399 1376 Educantur
470 1319 736 1375 maxima
780 1320 1120 1377 attentione
1145 1365 1159 1392 ,
1241 1341 1511 1400 quorum
1572 1331 1733 1376 aetas

47 1420 236 1488 prout
279 1407 469 1484 magis
509 1404 801 1464 adolescit
828 1451 842 1478 ,
885 1407 970 1463 ita
1008 1407 1195 1465 etiam
1246 1409 1583 1487 Magistros
1637 1427 1738 1463 ac-

43 1496 284 1576 cipiunt
303 1492 709 1573 elegantiores
729 1492 974 1574 publica
999 1498 1368 1554 auctoritate
1399 1493 1473 1555 ad
1501 1494 1562 1551 id
1589 1516 1737 1575 pro-

44 1596 279 1655 motos,
328 1603 440 1661 per
480 1603 633 1662 quos
681 1597 1051 1640 exercentur
1106 1584 1170 1640 in
1216 1582 1736 1665 disputationibus

47 1667 510 1750 Philosophicis.
571 1669 654 1727 Hi
700 1670 778 1728 ab
802 1670 1216 1730 animantibus
1258 1686 1322 1731 et
1354 1672 1605 1731 Venere
1629 1669 1740 1727 ab—

46 1760 375 1832 stinentes,
413 1760 593 1818 unice
629 1761 804 1817 seriis
857 1759 1249 1819 sermonibus
1301 1774 1444 1819 sunt
1495 1760 1738 1818 intenti.

53 1844 235 1927 Apud
279 1845 463 1904 Indos
499 1860 569 1904 ut
603 1845 750 1904 olim
776 1892 793 1920 ,
839 1847 923 1904 ita
963 1860 1025 1905 et
1068 1844 1252 1908 hodie
1296 1848 1372 1908 de
1423 1848 1559 1929 lege
1619 1860 1740 1919 est,

55 1949 122 1992 ut
159 1955 342 1993 nemo
383 1933 459 1990 ad
517 1933 764 2016 publica
809 1935 985 2014 regni
1045 1934 1332 1995 subsellia
1395 1936 1744 2006 eluctetur,

51 2024 356 2103 nisiprius
391 2021 708 2082 Doctorali
750 2022 992 2081 Laurea
1030 2024 1359 2105 insignitus
1386 2070 1402 2098 ,
1449 2023 1527 2084 de
1575 2023 1745 2082 omni

49 2113 448 2171 scientiarum
473 2132 700 2191 genere
720 2109 1169 2192 probationem⁴
1183 2112 1420 2187 tulerit,
1459 2133 1528 2170 ac
1561 2112 1748 2193 proin

58 2198 195 2258 Indi
217 2221 332 2280 pro
353 2199 648 2258 Gentium
666 2220 886 2256 norma
906 2213 1065 2257 sunt:
1085 2199 1194 2258 ubi
1212 2203 1404 2260 officia
1422 2199 1669 2284 publica
1688 2210 1753 2258 et

51 2284 418 2361 honoraria,
466 2310 591 2346 non
639 2289 953 2369 serptione
999 2302 1105 2346 aut
1157 2291 1560 2348 scientiarum
1618 2301 1750 2345 tan-

52 2389 185 2433 tum
223 2379 671 2452 ostentatione,
697 2373 802 2435 sed
831 2397 979 2435 vera
1024 2373 1380 2453 habilitate,
1433 2392 1751 2458 tamquam

55 2464 497 2522 Doctrinarum
523 2467 796 2547 praemia
830 2463 1197 2524 obtinentur
1222 2480 1284 2525 et
1320 2465 1751 2537 conferuntur,

58 2572 125 2609 ac
174 2555 356 2633 proin
404 2556 593 2632 gratis
624 2555 687 2610 in
727 2551 902 2612 India
957 2554 1219 2613 otiosam
1258 2575 1428 2613 suam
1469 2566 1752 2614 senectu—

54 2654 178 2698 tem
216 2643 353 2721 quis
393 2639 708 2714 venditat,
743 2643 889 2722 quia
941 2655 1220 2701 senectus
1269 2642 1603 2726 privilegio
1654 2660 1756 2696 ca-

59 2742 172 2786 ret.
265 2730 434 2802 Quo,
512 2741 746 2810 quanto
787 2730 980 2808 magis
1031 2749 1245 2790 carere
1293 2729 1556 2791 deberet
1651 2727 1755 2786 ille

68 2816 395 2897 Magister,
438 2820 547 2899 qui
583 2816 731 2874 dum
771 2815 847 2876 de
899 2816 1073 2899 lege,
1143 2818 1468 2878 Doctorali
1517 2820 1758 2877 Laurea

59 2907 271 2962 ornari
297 2905 587 2979 deberet,
636 2904 760 2964 sola
798 2903 1272 2986 dispensatione,
1315 2908 1603 2969 scientias
1620 2905 1756 2963 abs-

62 3013 183 3073 que
229 2994 465 3077 pudore
517 2992 676 3055 belle
731 2993 981 3055 eludere
1018 2996 1252 3057 noscit!

1553 3085 1666 3142 Ca-
