2048 3786
573 194 1099 248 Graecorum.
1509 191 1632 248 275

36 371 332 432 Graeciae
382 370 569 432 urbes
614 372 977 446 Pentapolis
1043 370 1297 430 nomine
1354 372 1723 431 constitutae

33 474 193 522 sunt.
240 461 333 518 Ex
373 455 467 518 his
524 471 588 519 et
637 457 774 518 aliis
808 458 1158 520 minoribus
1193 461 1441 541 regnis,
1485 461 1551 516 in
1610 463 1724 518 Pe-

36 555 357 626 loponneso
409 561 551 608 octo
618 561 799 607 erant
852 547 1158 621 celebria,
1215 550 1341 607 uti:
1387 549 1731 625 Argivum,

38 640 400 714 Sicyonium
425 680 442 711 ,
482 638 812 711 Elidense,
861 638 1169 695 Achivum
1193 682 1209 711 ,
1266 638 1694 695 Corinthicum
1716 681 1732 711 ,

35 728 422 785 Arcadicum
445 770 461 800 ,
538 726 919 783 Mes-senium
943 770 959 800 ,
1038 735 1101 783 et
1162 728 1554 802 Spartanum
1625 746 1732 781 seu

37 815 693 874 Lacedaemoniorum.
800 812 1108 874 Similiter
1176 826 1240 874 et
1303 827 1483 874 extra
1553 813 1734 872 Pelo-

39 923 387 986 ponnesum
441 914 584 961 octo
648 916 829 962 erant
888 904 1258 986 praecipua,
1326 905 1456 961 uti:
1543 904 1732 961 Thes—

37 993 338 1065 salicum,
385 991 777 1067 Thebanum,
822 993 1165 1067 Phocense,
1211 994 1555 1065 Doricum,
1609 995 1736 1050 Lo-

41 1101 288 1153 crense,
350 1080 736 1155 Aetolicum,
791 1082 1191 1156 Epiroticum
1237 1095 1299 1142 et
1343 1082 1733 1138 Atheniense.

39 1168 96 1227 H
104 1189 209 1227 aec
231 1189 422 1250 regna
443 1166 766 1229 distinctos
791 1165 1103 1228 habebant
1125 1170 1465 1252 PrincipeS,
1485 1171 1597 1251 qui
1622 1169 1742 1225 ini-

42 1258 130 1315 tio
161 1256 580 1315 barbarorum
622 1279 799 1317 more
853 1259 1018 1319 inter
1058 1280 1121 1318 se
1149 1257 1585 1335 decertabant,
1631 1255 1741 1316 do-

44 1366 158 1404 nec
202 1347 427 1405 sensim
479 1369 591 1428 per
646 1349 959 1406 institutos
1016 1346 1258 1422 Ludos,
1306 1348 1576 1407 maxime
1633 1367 1741 1402 au-

46 1449 171 1494 tem
204 1456 318 1516 per
360 1436 699 1492 Concilium
721 1434 1267 1512 Amphictyonum,
1298 1433 1599 1519 majorem
1625 1436 1742 1492 ini-

46 1525 279 1582 vissent
332 1523 810 1583 civilisationem
880 1538 942 1584 et
1008 1527 1364 1584 animorum
1425 1526 1741 1582 unionem.

48 1611 261 1692 Atque
310 1612 394 1668 ita
432 1614 659 1671 sensim
707 1634 823 1694 per
865 1612 1176 1672 culturam
1220 1613 1297 1672 ad
1330 1610 1631 1694 majorem
1672 1611 1748 1668 li-

49 1700 359 1760 bertatem
397 1700 800 1783 adspiranteS,
825 1701 1089 1763 liberam
1122 1702 1569 1785 rempublicam
1597 1721 1747 1759 con-

48 1791 403 1848 stituerunt.
475 1787 597 1850 Sed
630 1789 867 1850 tardius
892 1837 906 1864 ,
952 1791 1063 1850 ubi
1119 1792 1456 1874 imperium
1497 1793 1561 1848 in
1604 1811 1746 1847 suos

48 1879 244 1937 socios
282 1877 571 1938 affectare
602 1878 971 1956 voluissent3
1013 1882 1077 1938 in
1104 1883 1472 1940 servitutem
1510 1876 1745 1938 redacti

50 1980 228 2026 sunt:
278 1968 370 2024 uti
415 1966 851 2043 Macedonum,
903 1970 1347 2028 Romanorum.
1397 1967 1750 2029 Constanti-

53 2054 598 2138 nopolitanolwlm,
635 2077 704 2115 ac
746 2055 995 2117 tandem'
1043 2058 1432 2134 Turcorum3
1478 2078 1753 2138 quorum

57 2141 268 2226 jugum
298 2145 362 2201 in
401 2141 778 2205 hodiernum
834 2168 1032 2229 usque
1093 2145 1298 2221 diem,
1343 2148 1508 2206 inter
1551 2146 1752 2203 varias

55 2231 346 2292 fortunae
382 2233 873 2310 vicissitudi11e3‚
911 2235 1050 2296 dira
1091 2238 1396 2297 servitute
1446 2233 1613 2295 ferre
1650 2255 1756 2293 co-

61 2336 312 2405 guntur.

216 2411 262 2489 §.
319 2413 370 2470 1.
422 2412 644 2469 Status
681 2415 1035 2492 Religionis
1060 2426 1121 2473 et
1137 2414 1593 2473 consvetuclinis
1632 2413 1760 2468 An-

63 2501 278 2576 tiquae
331 2501 654 2558 Graeciae.
696 2538 781 2546 -—-
828 2502 1216 2563 Graecorum
1251 2504 1442 2587 primi
1480 2502 1582 2558 Dii
1624 2521 1760 2584 pas-

65 2589 181 2646 sim
212 2609 498 2645 cursores
545 2611 580 2645 a
609 2590 924 2651 currendo
984 2607 1328 2666 vocantur,
1390 2593 1482 2649 uti
1526 2588 1762 2649 sidera:

64 2674 232 2736 unde
265 2675 390 2760 jam
436 2679 620 2735 Plato
675 2679 742 2758 a)
788 2678 866 2740 de
929 2682 1148 2764 primis
1197 2682 1587 2740 Graecorum
1634 2679 1768 2736 Diis

66 2779 236 2825 recte
273 2768 358 2824 sic
400 2764 733 2826 disseruit:
806 2772 962 2827 milii
997 2773 1241 2847 quidem
1283 2772 1521 2826 incolae
1562 2767 1770 2842 primi

73 2856 378 2913 Graeciae
414 2877 513 2914 eos
549 2868 798 2915 tantum
837 2861 1124 2918 videntur
1179 2863 1350 2918 Deos
1392 2860 1726 2935 putavisse
1750 2898 1764 2927 ,

954 2947 995 3005 S
1529 2968 1679 3025 quos

149 3135 208 3196 a)
248 3132 410 3190 Tom.
453 3147 503 3188 1.
537 3152 586 3203 p.
628 3131 749 3186 397.
