2048 3786
376 145 455 210 ὅΌ
926 158 1335 215 Historia

279 333 451 390 mine
476 377 492 406 ,
556 333 821 409 urbem,
891 355 1295 421 summaeque
1358 328 1707 397 altitudinis
1766 337 1998 403 turrim

282 422 631 482 excitarent
653 469 669 498 ,
716 422 1108 486 fortitudinis
1134 442 1198 488 et
1217 424 1589 511 prudentiae
1624 447 1998 491 monumen-

282 524 453 586 tum,
501 525 564 571 et
596 514 646 571 si
683 535 809 596 qua
851 513 1059 577 denuo
1097 530 1254 577 esset
1302 514 1515 574 futura
1574 516 1998 579 inundationis

282 597 641 683 perfugium
660 648 675 675 ,
723 605 870 664 satis
901 604 1241 666 ostendunt
1266 601 1390 688 jam
1429 618 1592 665 artes
1617 618 1680 666 et
1704 610 1992 668 scientias

281 708 355 750 eo
403 701 538 749 tum
575 689 875 755 floruisse.
927 693 994 774 (ι)

702 872 1198 996 ⁴Caput
1323 874 1483 966 III.

457 1073 978 1139 HISTORIA
1070 1071 1809 1142 HEBRAEORUM.

282 1224 382 1281 Ab
421 1225 669 1302 origine
722 1226 974 1301 Gentis,
1024 1248 1218 1304 usqae
1264 1230 1356 1285 ad
1372 1238 1661 1285 nostram
1702 1228 1983 1285 aetatem

350 1315 551 1391 fizctci
624 1334 995 1389 exponemus
1062 1317 1334 1394 quinque
1394 1318 1868 1394 Paragraplzis.
1933 1318 1988 1374 L

376 1405 822 1481 Geogrcipliioo
871 1406 1275 1462 statisticcim
1331 1408 1644 1463 notionem
1693 1408 1986 1482 regionis,

369 1493 460 1550 II.
509 1494 770 1550 Statum
789 1495 1162 1572 Religionis.
1212 1495 1340 1551 III.
1379 1497 1637 1553 Statum
1660 1495 1995 1553 Politiczim

370 1585 439 1641 in
475 1582 773 1658 Epoolzas
831 1585 1120 1641 divisam.
1172 1584 1293 1641 IV
1358 1586 1618 1642 Statum
1659 1577 1866 1657 Belli,
1930 1595 1993 1643 et

368 1673 742 1748 Principum
785 1674 855 1733 V
850 1675 1110 1733 irorzmzs
1167 1675 1243 1733 V.
1313 1675 1572 1733 Statum
1613 1675 1994 1734 Literarum

373 1773 440 1820 et
464 1763 743 1819 Artium.

280 1963 328 2043 ᾗ.
384 1963 438 2023 1.
500 1893 1014 2041 Geograplzic’o
1060 1961 1405 2020 Stati-stica
1433 1960 1617 2020 notio,
1665 1960 1994 2022 Hebraeo-

278 2074 425 2113 rum
455 2050 728 2137 populus
766 2050 940 2111 orbis
975 2051 1313 2136 primarius
1337 2073 1467 2111 non
1499 2064 1743 2111 tantum
1766 2053 1834 2111 in
1880 2051 1998 2110 Sa-

279 2163 422 2218 cra,
470 2141 576 2203 sed
614 2155 678 2203 et
711 2139 977 2224 profana
1018 2139 1302 2199 Historia
1331 2155 1590 2225 poten83
1636 2143 1748 2223 qui
1792 2142 1859 2199 in
1892 2162 1996 2201 re·-

278 2255 424 2292 rum
478 2231 632 2293 olim
670 2228 938 2313 fastigi0‚
987 2251 1095 2290 sex
1135 2243 1198 2289 et
1229 2229 1496 2314 amplius
1533 2233 1813 2314 capitum
1852 2229 1999 2289 mil-

275 2320 474 2383 liones
513 2320 838 2395 censebat,
885 2331 1212 2404 praeterea
1274 2341 1425 2403 gens
1487 2319 1736 2381 exculta
1800 2320 1990 2403 longe

273 2411 424 2472 alias
457 2410 841 2496 praecellens
867 2455 882 2484 ,
929 2407 1106 2493 cujus
1147 2422 1211 2470 et
1241 2408 1450 2492 legum
1504 2423 1568 2470 et
1604 2432 1857 2470 morum
1895 2408 1994 2468 di·-

273 2515 520 2562 ctatura
573 2500 654 2560 ab
702 2497 1060 2561 seculorum
1115 2497 1396 2558 millibus
1443 2498 1678 2558 nobilis
1731 2500 1991 2559 exstitit.

274 2592 594 2652 Historiae
631 2588 995 2649 Universali
1035 2609 1099 2647 se
1124 2586 1317 2649 infert
1334 2588 1415 2647 ab
1437 2589 1835 2663 ΑόναΙιανηο,
1869 2590 1983 2670 qui

273 2704 353 2743 ex
404 2678 770 2764 Ur'oppido
807 2675 1267 2738 Chaldaeorum
1325 2677 1819 2761 Mesopotamiae
1850 2676 1991 2737 loco

270 2770 441 2855 jussu
479 2771 598 2831 Dei
633 2771 810 2830 exire
849 2766 1204 2851 compulsus
1243 2770 1308 2826 in
1357 2782 1594 2828 terram
1646 2769 1990 2841 Clzanaan,

270 2883 380 2922 seu
409 2863 681 2919 Terram
709 2860 1172 2934 Promissionis‚
1212 2859 1277 2918 in
1301 2880 1494 2943 quam
1522 2871 1857 2942 antequam
1879 2854 1987 2915 ad-

1796 2967 1906 3007 ve-

350 3136 411 3211 α)
448 3134 671 3210 Joseph.
708 3134 767 3187 L.
806 3135 842 3185 Ι.
881 3132 1052 3207 antiq.
1087 3152 1132 3186 c.
1169 3133 1217 3186 6.
