2048 3786
313 122 392 180 88
879 123 1288 196 Ilistoria

214 301 566 388 privilegiis
593 302 670 363 ad
692 302 916 364 urbem
949 300 1414 364 restaurandam
1435 302 1675 377 miSSUS,
1700 302 1767 384 a)
1794 324 1937 388 spa-

220 395 311 453 tio
354 395 451 453 15.
501 416 847 468 annorum,
896 395 1063 452 inter
1099 393 1398 451 maximas
1437 392 1787 451 vicinorum
1834 413 1935 450 ca-

215 481 481 541 lumnias
525 483 679 543 urbs
717 480 1114 565 frequentata
1133 528 1148 557 ,
1174 496 1434 565 totaque
1458 479 1680 565 politia
1710 480 1940 540 Judae-

218 594 404 631 orum
432 577 721 635 restituta
759 587 890 648 est3
958 585 1100 655 post
1142 569 1318 654 cujus
1366 584 1637 630 mortem
1674 571 1940 655 proprio

218 661 378 721 duce
424 664 697 744 privati,
764 660 1101 723 Praefectis
1159 661 1376 742 Syriae
1432 661 1717 743 permissi
1767 673 1944 736 sunt3

217 774 345 833 quo
386 765 671 834 tempore
710 753 948 812 Summi
987 748 1302 810 Pontificis
1331 763 1600 835 potestas
1643 769 1945 823 crescere,

221 843 350 900 imo
386 855 448 900 et
491 840 567 899 ad
612 865 713 903 res
748 841 964 901 civiles
1003 838 1255 900 extendi
1287 843 1534 925 coepit,
1581 853 1645 901 et
1685 840 1944 920 insuper

218 931 435 990 Persas
483 933 567 989 ita
597 930 934 992 clementes
957 951 1204 1012 semper
1229 933 1471 1014 experti
1502 942 1675 1005 sunt3
1712 942 1784 986 ut
1808 927 1943 989 Ma÷

217 1017 586 1079 cedonicum
607 1022 945 1102 imperium
979 1021 1164 1078 inviti
1182 1019 1488 1079 subirent.
1530 1019 1591 1099 b)
1632 1020 1841 1091 Quum
1881 1038 1945 1075 6-

218 1110 353 1166 nim
389 1109 756 1167 Alexander
794 1110 879 1175 Μ,
914 1109 1157 1189 Tyrum
1198 1107 1550 1182 obsideret,
1584 1106 1662 1165 ad
1701 1109 1947 1164 Jaclcla-

219 1219 323 1253 am
365 1196 734 1258 Pontificem
781 1196 1054 1279 legatum
1102 1198 1314 1272 misit,
1367 1197 1636 1257 militem
1680 1210 1744 1257 et
1777 1215 1950 1254 com-

217 1299 496 1345 meatum
531 1286 1014 1389 postulaturus,
1062 1288 1165 1344 cui
1204 1285 1498 1346 Pontifex
1548 1285 1949 1345 renunciavit

217 1396 280 1435 se
322 1377 386 1433 in
419 1372 539 1434 fide
575 1378 756 1433 Dat
733 1399 778 1433 ιι
812 1397 914 1457 Jul
918 1373 1221 1458 ejulando
1247 1375 1621 1436 obstrictum
1654 1395 1816 1449 esse,
1863 1372 1948 1431 ob

220 1487 413 1546 quam
449 1463 749 1525 offensam
790 1467 1148 1522 Alexander
1183 1463 1261 1523 ad
1301 1463 1687 1550 perdendam
1717 1463 1876 1522 Hiffl
1881 1483 1952 1521 o-

217 1552 518 1635 solymam
549 1553 867 1637 plofectus
897 1568 1023 1629 est,
1070 1575 1198 1636 quo
1236 1556 1300 1612 in
1333 1553 1619 1639 peliculo
1657 1555 1948 1612 Jaddnas

220 1644 284 1701 in
317 1657 488 1703 veste
527 1642 910 1718 Pontificali,
949 1656 1243 1728 totusque
1277 1643 1650 1704 Levitarum
1687 1640 1897 1703 oldo
1882 1664 1948 1698 ln

220 1734 346 1791 suis
389 1730 604 1791 infulis
664 1736 1037 1793 Alexandro
1077 1736 1357 1795 venlentl
1379 1732 1688 1817 supplices
1729 1728 1948 1815 prodi-

221 1835 491 1897 verunt,
544 1822 656 1882 ubi
697 1824 844 1885 Rex
892 1825 1027 1884 viso
1065 1820 1369 1883 Pontifice
1407 1845 1555 1883 mox
1593 1844 1656 1883 se
1684 1820 1946 1880 inclina-

221 1912 349 1985 vit,
388 1931 457 1969 ac
494 1932 624 1970 non
664 1914 912 1987 virum,
950 1911 1057 1974 sed
1091 1914 1312 1987 Deum,
1360 1910 1535 1996 cujus
1567 1933 1797 1972 nomen
1833 1911 1948 1969 tia-

220 2022 329 2060 rae
360 2000 1063 2083 >inscriptumPontiFex
1100 2017 1407 2085 gesserat,
1455 2001 1743 2062 adoravit
1755 2025 1783 2074 ,-
1823 2001 1950 2058 imo

223 2090 289 2149 in
311 2087 543 2173 templo
564 2090 1136 2174 Hierosolymitano
1153 2113 1324 2152 sacra
1345 2091 1951 2162 faciensAlexander,

220 2201 348 2240 non
391 2177 580 2238 modo
623 2180 850 2242 urbem
892 2195 955 2243 et
995 2181 1300 2266 populum
1337 2205 1444 2242 sua
1499 2181 1790 2241 libertate
1826 2177 1954 2239 frui

220 2270 543 2351 permisit,
606 2269 712 2330 sed
764 2285 825 2331 et
877 2274 1057 2331 novis
1119 2272 1499 2356 privilegiis,
1558 2270 1788 2355 (prout
1825 2267 1951 2353 jam

219 2373 399 2418 antea
449 2357 853 2420 Samaritanis
892 2359 969 2420 ad
1015 2376 1298 2422 montem
1337 2364 1662 2434 Garizim,
1692 2359 1951 2442 religio-

221 2449 316 2507 nis
350 2470 493 2507 suae
526 2447 885 2511 libertatem
917 2466 1323 2526 concesserat,
1350 2453 1372 2533 >
1416 2450 1769 2511 honoravit.

398 2539 545 2598 Post
581 2554 851 2600 mortem
897 2543 1243 2600 Alexandri
1259 2545 1351 2601 M.
1386 2544 1782 2600 Ptolomaeus
1820 2540 1956 2597 La·-

213 2628 291 2703 gi
330 2649 455 2688 non
498 2650 721 2710 magno
750 2627 971 2690 labore?
1000 2645 1192 2690 totam
1232 2632 1476 2713 Syriam
1499 2630 1808 2701 obtinens,
1839 2628 1954 2686 Ju-

220 2713 435 2777 daeam
482 2739 739 2801 quoque
776 2740 1089 2804 occupare
1124 2720 1526 2796 intendebat,
1567 2718 1673 2780 sed
1721 2719 1955 2778 Hiero-

1757 2830 1856 2868 so·-

495 2919 547 2927 -ι

301 2990 361 3066 a)
406 2993 567 3052 idem.
609 2996 740 3052 ibid
775 2996 828 3070 b)
869 2998 1095 3071 Joseph.
1132 3000 1304 3071 antiq
1356 2999 1422 3054 L.
1482 2997 1570 3052 11.
1612 3018 1655 3051 c.
1709 2993 1763 3053 8.
1803 3013 1957 3070 seqq·

386 3065 708 3140 Chlistoph.
749 3069 1257 3136 Cella1ii,C›llect.
1299 3072 1438 3124 Hist.
1474 3071 1867 3124 Samaritanae.
