2048 3786
536 177 1204 235 Atheniensium.
1536 176 1664 237 299

70 338 221 401 cidit
236 334 678 422 Olympiadum
700 334 990 397 ludorum
1009 338 1277 409 initium,
1308 335 1373 415 a)
1413 331 1558 394 dum
1583 336 1758 409 Iphi-

72 442 173 486 tus
215 429 590 486 Praxonidc's
624 424 785 483 filius
819 425 1202 484 Elidensium
1248 446 1362 482 rex
1431 422 1607 480 ludos
1649 421 1756 477 diu

70 517 482 588 intermiSSOS,
519 515 680 574 inter
736 516 1093 589 Ogympicmz
1128 525 1190 572 et
1226 513 1462 584 Pisum,
1508 508 1760 588 singulis

73 603 536 686 quatuorannis
569 603 797 662 exactis
825 600 1225 661 celebrandos
1282 602 1655 658 instauraret
1687 593 1763 651 ad

77 713 308 751 annum
353 704 496 750 ante
513 686 829 747 Christum
864 694 895 749 7
909 691 1003 751 76.
1030 685 1368 748 secundum
1393 706 1547 768 quos
1571 683 1764 740 Grae*

74 782 131 838 ci
162 799 353 838 annos
375 776 525 860 Lsuos
548 774 837 858 deinceps
858 788 1282 835 numerarunt.
1301 776 1394 834 Ex
1427 769 1766 831 Archonti-

76 869 191 927 hus
234 863 656 926 memorabilis
687 864 806 923 fuit
839 868 1062 924 Draco
1087 910 1102 939 ,
1156 886 1189 922 a
1236 862 1474 945 legibus
1512 860 1771 920 severis-

76 957 242 1015 simis
273 953 552 1014 celebriS.
594 956 748 1013 Item
790 956 972 1010 Solon
1013 955 1121 1035 qui
1174 953 1484 1033 abrogatis
1518 951 1771 1006 Draco-

77 1047 176 1102 nis
215 1042 489 1124 legibus,
529 1063 720 1100 novas
747 1042 964 1123 ligneis
1013 1041 1235 1100 tabulis
1275 1041 1540 1123 scripsit.
1587 1033 1775 1116 Cujus

79 1146 282 1197 tamen
321 1130 560 1212 legibus
593 1133 826 1212 optime
862 1133 1256 1190 constitutam
1303 1125 1775 1210 rempublicam,

80 1220 261 1280 brevi
300 1218 696 1301 perturbavit
732 1219 1089 1279 ambitiosus
1134 1217 1323 1278 homo
1367 1219 1777 1287 Pisistratus3

83 1310 195 1391 qui
237 1307 319 1366 ob
353 1308 605 1365 nimiam
623 1306 1056 1368 crudelitatem
1087 1330 1163 1368 ex
1203 1306 1362 1367 urbe
1391 1303 1486 1363 bis
1528 1300 1777 1384 ejectus,

85 1410 414 1480 postquam
453 1408 659 1456 tamen
713 1398 995 1474 Megaoli
1036 1397 1446 1480 promississet
1480 1414 1544 1452 se
1589 1388 1780 1448 filiam

91 1482 222 1567 ejus
254 1482 621 1558 ducturum,
659 1481 864 1544 denuo
889 1488 1155 1544 maxima
1195 1504 1424 1565 pompa
1468 1477 1782 1550 reductus7

86 1575 313 1634 iterum
349 1571 743 1652 tyrannidem
798 1572 1010 1632 subtili
1072 1571 1408 1631 calliditate
1458 1567 1732 1628 obtinuit
1755 1587 1782 1635 ;

86 1663 446 1742 civiumque
487 1658 782 1720 ferociam
800 1659 1089 1745 deinceps
1114 1663 1413 1742 tantisper
1455 1655 1781 1736 mitigavit.

89 1748 222 1808 Sub
256 1771 382 1830 quo
400 1750 811 1830 Mega1·ense3‚
846 1748 1337 1811 Atheniensibus
1376 1745 1599 1806 festum
1623 1741 1789 1800 diem

86 1836 577 1913 celebrantibus,
617 1836 1046 1897 fraudulenter
1095 1837 1327 1897 bellum
1381 1832 1786 1894 indixerunt:

90 1948 214 2008 qua
259 1927 582 1985 occasione
624 1927 1008 1985 Pisistratus
1062 1924 1283 1985 festum
1329 1923 1512 2003 longe
1548 1916 1791 1999 majore

89 2013 475 2074 solemnitate
508 2011 813 2074 celebrari
861 2017 1217 2097 praecepit:
1266 2013 1536 2071 Juvenes
1562 2027 1788 2088 nempe

90 2099 565 2165 Atheniensium
593 2101 798 2162 induit
827 2102 1100 2163 vestibus
1123 2100 1471 2186 puellarum
1494 2144 1509 2172 ,
1545 2099 1609 2154 in
1643 2117 1797 2177 qua-

92 2213 234 2252 rum
266 2192 558 2251 vestitum
597 2212 772 2250 arma
811 2191 996 2251 simul
1023 2187 1403 2250 abscondere
1435 2185 1627 2270 jussit.
1656 2184 1796 2242 Hoc

90 2277 534 2362 jucundissimo
566 2279 916 2361 spectaculo
956 2281 1350 2361 Megarenses
1385 2276 1578 2358 gavisi
1610 2319 1626 2347 ‚
1663 2274 1795 2355 ipsa

92 2366 427 2428 festivitate
471 2369 530 2426 in
570 2366 780 2427 sorum
815 2366 1290 2429 Atheniensium
1324 2369 1684 2435 irruerunt,
1729 2372 1793 2418 et

95 2457 410 2541 putatitias
451 2452 554 2514 has
580 2455 812 2538 puellas
851 2479 1056 2517 secum
1083 2460 1148 2515 in
1187 2475 1378 2515 naves
1426 2460 1794 2535 rapuerunt:

97 2544 207 2601 ubi
247 2567 393 2603 mox
439 2541 851 2605 Athenienses
882 2544 1136 2627 juvenes
1176 2542 1557 2603 muliebrem
1609 2539 1799 2597 vesti-

99 2645 231 2694 tum
269 2632 681 2719 deponentes»,
714 2646 968 2696 cunctos
1001 2634 1389 2717 Megarenses
1412 2627 1798 2690 internecina

1572 2736 1712 2776 cae-

180 2910 240 2982 a)
279 2910 504 2964 Pansam.
541 2904 603 2961 L.
646 2907 695 2963 1.
750 2907 816 2959 de
863 2905 1069 2958 Atticis.
1127 2914 1178 2956 ct
1212 2904 1275 2956 L.
1312 2903 1360 2956 5.
1400 2902 1558 2953 Jonn.
1596 2898 1804 2970 Philip·

266 2979 584 3032 PheifferuS.
608 2978 794 3048 Antiq.
834 2977 1087 3029 Graecar.
1107 2975 1169 3030 L.
1193 2972 1239 3027 1.
1280 2994 1327 3029 e.
1349 2972 1433 3025 49.
1457 2971 1798 3023 Strauchius·

265 3051 506 3109 Breviar.
540 3050 743 3108 Chron.
767 3050 829 3104 L.
869 3046 925 3104 4.
968 3044 1128 3107 0,.16.
1165 3045 1380 3099 Strabo,
1406 3044 1469 3099 L,
1501 3040 1552 3096 8.
1592 3061 1647 3113 p.
1681 3039 1800 3093 3:33·

263 3138 412 3193 seqq.
