2048 3786
635 201 1217 257 Ilebraeorum.
1586 202 1661 259 67

78 385 197 441 rias
243 384 472 442 nullam
493 385 556 441 in
588 381 820 466 populo
856 377 1136 438 relictam
1169 374 1353 434 fuisse
1377 388 1764 456 potestatem.

82 465 382 530 Attamen·
422 469 604 529 simul
644 482 844 551 patet:
888 467 1156 547 speciem
1188 462 1515 545 quamdam
1556 461 1758 523 Theo-

74 561 304 619 cratiae
346 556 540 616 adhuc
578 556 693 615 sub
721 555 971 637 regibus
993 554 1369 624 remansisse,
1397 547 1625 630 judicia
1665 564 1755 607 ta-

80 668 221 704 men
248 661 426 705 erant
448 645 655 726 aliqua
677 642 952 725 Regibus
980 639 1238 713 ademta,
1262 640 1353 696 uti
1371 636 1447 696 de
1463 634 1656 710 tribu,
1683 635 1763 697 de

80 733 409 807 Pontifice,
456 747 518 792 et
547 730 625 792 de
649 728 1008 814 Prophetis:
1056 728 1213 786 Nam
1242 747 1438 808 quum
1473 744 1764 807 proceres

80 824 416 879 ,Ieremiam
464 817 840 903 Prophetam
890 817 966 876 ad
1008 829 1276 875 mortem
1316 812 1724 896 deposcerent
1747 857 1763 887 ,

83 905 230 968 haec
268 911 551 966 Sedecias
576 930 686 967 rex
711 906 900 966 dixit:
929 905 996 985 a)
1020 906 1181 961 Ecce
1211 905 1341 979 lpse
1375 905 1442 960 in
1479 901 1763 958 manibus

80 1000 308 1054 vestris
339 1008 463 1070 est,
511 1019 617 1053 nec·
657 998 817 1053 enim
833 997 956 1069 fas
995 1002 1088 1050 est
1124 1012 1335 1069 regem
1369 990 1539 1048 vobis
1576 991 1757 1066 qaid—

82 1106 270 1162 quam
306 1107 553 1162 negare.
603 1083 814 1166 Atque
838 1082 953 1142 sub
992 1078 1108 1139 hoc
1130 1081 1301 1161 Rege
1342 1075 1655 1137 Israelitae
1693 1079 1760 1135 in

78 1174 507 1254 captivitatem
549 1171 993 1253 Babylonicam
1033 1181 1492 1250 pervenerunt,
1539 1179 1602 1225 et
1657 1188 1763 1225 re-

43 1261 228 1340 'galis
283 1259 550 1341 dignitas
593 1259 756 1344 apud
804 1282 905 1320 eos
958 1258 1184 1317 desinit
1236 1277 1402 1330 esse,
1455 1275 1523 1312 ac
1579 1254 1766 1336 proin

83 1346 331 1433 Epocha
362 1349 467 1407 IV.
507 1351 746 1432 incipit,
782 1362 969 1431 prout
1004 1345 1191 1404 variis
1224 1342 1622 1424 Principibus
1654 1341 1769 1400 ob-

82 1439 254 1496 noxii
301 1459 428 1497 esse
462 1451 806 1522 coeperunt
829 1483 843 1510 ,
891 1434 1034 1495 inde
1073 1433 1152 1491 ab
1189 1430 1766 1511 Hierosolymarum

85 1525 348 1601 excidio,
387 1547 587 1606 usque
623 1524 699 1584 ad
736 1528 1050 1583 Herodem
1075 1543 1181 1581 seu
1204 1521 1635 1579 Romanorum
1665 1517 1763 1576 di-

84 1616 351 1688 tionem,
399 1635 506 1673 seu
557 1615 637 1674 ab
684 1638 743 1674 a.
782 1627 923 1674 ante
971 1608 1077 1671 Ch.
1119 1610 1262 1670 588.
1315 1628 1514 1690 usque
1573 1605 1649 1664 ad
1709 1629 1760 1664 a.

80 1698 185 1760 Ch.
231 1706 326 1761 70.
374 1702 434 1781 b)

238 1806 612 1887 Babylonica
647 1809 968 1889 captivitas
1004 1804 1404 1887 Septvaginta
1440 1805 1616 1863 annis
1649 1800 1764 1860 du-

82 1895 276 1968 ravit,
322 1909 385 1955 et
421 1895 570 1954 dum
621 1898 824 1972 Cyrus
863 1896 946 1954 M.
989 1895 1317 1953 Persarum
1340 1892 1581 1973 primus
1620 1891 1762 1949 Mo-

80 1981 306 2041 narcha
341 1985 397 2063 c)
447 1983 823 2065 Babylonem
843 1993 1270 2064 expugnasset,
1302 1978 1621 2039 Israelitae
1653 2000 1765 2059 pa-

82 2074 235 2131 triae
287 2095 429 2132 suae
484 2072 865 2153 postliminio
910 2072 1214 2144 restituti,
1284 2091 1318 2125 a
1362 2066 1764 2150 Principibus

80 2174 142 2219 et
189 2159 592 2220 Pontificibus
648 2160 1176 2242 gubernabantur.
1239 2157 1314 2214 In
1367 2154 1478 2213 hac
1530 2152 1764 2239 epocha

78 2270 202 2306 non
243 2264 422 2309 erant
461 2250 733 2310 Hebraei
774 2251 865 2307 sui
906 2246 1094 2329 juris,
1140 2243 1247 2305 sed
1285 2246 1551 2326 imperio
1610 2244 1765 2302 Per-

76 2358 320 2411 sarum,
383 2360 452 2397 ac
499 2361 647 2397 mox
696 2338 1081 2396 Graecorum
1131 2331 1430 2415 subjecti,
1493 2347 1766 2392 attamen

78 2425 190 2484 sub
229 2425 580 2486 Monarchis
615 2428 874 2486 Persicis
907 2424 1060 2485 adeo
1112 2422 1450 2483 clementer
1482 2436 1625 2480 sunt
1657 2418 1766 2477 ha-

80 2511 229 2586 biti,
276 2528 344 2573 ut
385 2538 607 2596 parum
641 2538 674 2572 a
716 2514 916 2574 libero
963 2511 1195 2596 populo
1240 2510 1582 2571 differrent.
1630 2508 1761 2568 Sub

78 2601 330 2682 regibus
392 2604 645 2663 Graecis
726 2625 904 2684 saepe
952 2601 1109 2661 dura
1158 2601 1458 2661 servitute
1513 2619 1761 2680 preme-

795 2692 843 2749 E
894 2696 928 2751 2
1569 2686 1677 2746 ba—

73 2823 194 2834 'uu-

150 2898 207 2969 a)
246 2897 525 2948 Jerennae.
558 2915 599 2945 c.
638 2893 721 2949 38.
761 2913 810 2949 v.
843 2894 889 2945 5.
962 2891 1017 2964 b)
1056 2891 1272 2961 Joseph.
1313 2891 1375 2942 de
1395 2890 1516 2942 hell.
1550 2889 1672 2942 Jud.
1697 2890 1756 2943 I..

236 2966 284 3017 5.
325 2985 370 3020 c.
403 2964 452 3016 2.
489 2963 735 3034 §.1—3.
761 2974 813 3015 et
851 2985 896 3019 c.
927 2963 974 3016 3.
1015 2965 1061 3032 §.
1098 2962 1144 3014 1.
1179 2961 1474 3016 2.Tacitus
1534 2961 1761 3016 Hist.L.

236 3037 283 3088 5.
314 3055 361 3086 c.
404 3034 483 3087 10.
555 3043 606 3091 c)
661 3035 820 3088 Isaiae
855 3056 899 3085 c.
957 3033 1039 3086 44.
1096 3054 1145 3086 v.
1196 3032 1282 3087 28.
1313 3041 1362 3085 ct
1400 3051 1442 3083 e.
1490 3029 1572 3083 45.
1616 3049 1663 3084 v.
1710 3030 1756 3084 1.
1829 3044 1837 3051 “

230 3105 447 3178 Joseph.
472 3106 639 3177 antiq.
684 3107 740 3158 L.
786 3103 866 3158 11.
899 3124 939 3157 c.
984 3103 1031 3157 1.
