2048 3786
324 93 447 152 202
872 103 1310 162 Ilistoria

218 273 459 335 delatus
498 277 789 363 Regnum
831 283 1205 344 Latinorum
1253 282 1537 343 condidit
1563 329 1579 359 ,
1626 297 1691 345 et
1736 288 1801 345 in
1849 309 1929 348 eo

217 364 590 443 Ascanium,
642 373 712 446 8]
736 374 965 448 Iniecta,
1038 377 1310 432 Aeneam
1375 375 1667 449 Sylviam
1730 375 1931 433 Lati-

217 475 397 530 num,
444 458 703 534 Albam,
751 475 813 521 et
852 464 1160 538 Capetum
1194 464 1586 522 Successores
1626 459 1860 522 habuit.

394 543 440 622 ᾗ.
494 545 548 604 5.
595 550 824 607 Status
846 553 1224 610 Literarum
1244 564 1305 610 et
1325 551 1603 618 Artium,
1652 548 1929 633 Phryges

219 631 283 689 in
315 652 565 712 genere,
603 638 856 719 ingenio
895 639 1245 723 stupidiore-
1270 639 1458 701 fuisse
1488 637 1928 723 perhibentur,

217 719 382 781 unde
434 725 618 783 etiam
652 729 1067 809 proverbium
1105 730 1400 790 invaluit:
1473 733 1626 788 Sero
1670 731 1931 805 sapiunt

217 810 508 889 Phryges
525 838 552 886 ,-
585 827 646 872 et
696 818 920 894 Phryx
957 823 1203 877 nonnisi
1230 822 1457 898 plagis
1513 820 1727 895 sapit:
1767 837 1932 900 quo-

217 900 385 957 niam
432 899 509 961 de
545 902 860 965 reddenda
917 910 1207 967 stIerelao
1235 912 1485 967 Helena
1519 922 1659 990 post
1699 906 1924 966 multas

216 986 418 1048 clades
459 1006 764 1075 acceptam,
809 994 1054 1056 decimo
1110 1000 1228 1057 nisi
1266 1020 1428 1057 anno
1484 996 1932 1058 deliberarent.

216 1077 512 1137 Ceterum
545 1094 752 1143 tamen
777 1084 1096 1167 praeclara
1122 1108 1342 1146 eorum
1377 1089 1633 1147 inventa
1675 1084 1928 1161 ⁴silentio

217 1170 563 1249 praeterire
597 1192 726 1231 non
778 1195 1135 1256 possumus;
1183 1197 1329 1233 nam
1391 1172 1542 1235 haec
1583 1178 1753 1234 natio
1796 1176 1930 1258 pri-

215 1277 391 1328 mum
431 1257 604 1340 bigas
623 1258 917 1343 injunxit.
967 1266 1189 1321 Midas
1222 1285 1376 1323 vero
1425 1266 1700 1346 geminas
1726 1263 1930 1337 tibias,

215 1342 630 1430 modulosque
693 1348 998 1434 Phrygios
1061 1355 1126 1434 a)
1171 1354 1430 1413 invenit.
1514 1353 1599 1412 Hi
1657 1351 1935 1435 denique

216 1448 397 1493 erant
437 1440 648 1518 primi,
689 1443 800 1522 qui
829 1457 1026 1503 vestes
1083 1465 1197 1502 acu
1235 1445 1520 1503 intexe-re
1562 1445 1884 1503 sciverunt
1909 1487 1926 1516 ‚

213 1523 274 1603 b)
313 1522 453 1586 ideo
492 1524 672 1610 hujus
716 1532 866 1590 artis
895 1534 1083 1615 periti
1120 1531 1504 1615 Phrygiones
1536 1546 1678 1591 sunt
1714 1529 1930 1614 appel-

214 1611 339 1672 lati.
394 1616 578 1679 ⁴Unde
602 1621 790 1682 etiam
827 1624 1121 1680 Socrates
1158 1638 1328 1682 reete
1362 1619 1683 1703 judicavit,
1724 1618 1929 1702 Phry-

219 1724 322 1784 ges
359 1703 705 1771 laboriosos
745 1710 803 1791 c)
837 1708 1025 1772 fuisse
1059 1726 1130 1771 ut
1156 1711 1428 1775 serviles.

687 1892 759 1981 C
792 1918 1083 2018 aput
1204 1894 1465 1983 XIII.

440 2088 1073 2152 MONARCHIA
1118 2091 1700 2153 PERSARUM.

218 2281 265 2362 ᾗ.
322 2289 373 2350 1.
446 2222 958 2367 Geograplzico
985 2290 1332 2367 Statistico'
1348 2294 1540 2350 notio,
1589 2291 1924 2352 Persarum

217 2380 349 2438 sive
397 2377 756 2465 Sophorum
791 2381 1128 2462 imperium
1156 2382 1315 2439 sieut
1349 2380 1501 2439 olim
1525 2379 1795 2454 celebre,
1837 2381 1923 2438 ita

219 2481 282 2525 et
326 2466 511 2531 hodie
548 2471 788 2531 clarum
808 2483 930 2546 est3
953 2468 1186 2530 incolae
1216 2471 1398 2529 initio
1417 2473 1757 2544 Elamz'tcce,
1776 2466 1923 2529 dein

217 2557 450 2618 Persae
470 2583 503 2619 a
542 2557 815 2633 Perside,
837 2557 1090 2620 demum
1111 2562 1419 2635 Soplziani
1451 2582 1486 2618 a
1523 2561 1717 2636 Soplzc'
1735 2560 1925 2618 Prin-

216 2651 353 2734 cipe
376 2649 526 2710 dicti
550 2665 710 2712 sunt.
737 2651 1071 2713 Persarum
1094 2663 1271 2713 vetus
1295 2652 1500 2733 patria
1532 2662 1668 2709 erat
1695 2648 1920 2720 PersiS‚

1717 2734 1830 2800 ho-

287 2915 345 2978 a)
383 2911 595 2964 Plinius
630 2911 697 2966 L.
732 2908 781 2964 7.
819 2923 865 2962 c·
904 2908 990 2968 56.
1028 2899 1398 2964 Clam-,Alex
1434 2908 1495 2962 L.
1535 2905 1587 2964 1.
1630 2927 1686 2980 p.
1723 2905 1846 2966 307.
1866 2906 1920 2973 b)

373 2983 511 3037 Plin.
551 2983 617 3041 L.
649 2979 706 3038 8.
745 3001 789 3033 c.
845 2977 931 3037 58.
1007 2980 1062 3053 ο)
1098 2977 1314 3035 Aelian.
1355 2979 1502 3037 Hist.
1550 2981 1672 3038 Var.¹
1713 2980 1780 3039 L.
1837 2977 1925 3036 10.

378 3074 424 3108 c,
464 3053 548 3110 14.
