2048 3786
339 216 573 293 Babyl.
634 217 848 274 Chald.
893 214 1059 271 Med.
1111 215 1489 288 Assyriae-a.
1588 218 1710 276 115

112 394 517 478 Assyriorum
547 392 911 458 Monarchia
948 393 1025 453 ad
1061 391 1279 454 Medos
1334 395 1627 457 translata
1652 444 1668 474 ,
1706 400 1805 462 vel

112 482 286 565 juxta
341 486 492 546 alios
527 486 724 545 divisa
758 483 893 542 fuit.

273 576 548 633 Arbace-9
591 575 784 656 igitur
837 570 915 632 de
968 572 1413 647 Sardanapalo
1473 573 1803 634 victoriam

111 660 409 735 reserenS,
456 684 718 745 regnum
751 659 1085 721 Medorum
1110 673 1172 718 et
1200 660 1530 718 Persarum
1560 659 1805 743 aliaque

108 754 325 811 tenuit.
375 753 520 810 Post
555 752 870 808 Arbacem
897 745 1062 831 apud
1098 745 1315 807 Medos
1366 770 1653 829 regnasse
1709 749 1805 808 di-

108 842 274 898 citur
312 842 700 896 Mandane-es
737 840 835 898 50.
885 838 1061 895 annis
1087 835 1419 894 Sosoermus
1463 840 1559 897 50.
1606 841 1799 898 annis.

109 930 382 986 ArticaS.
435 929 533 987 50.
579 928 888 984 Arbianes
935 928 1034 986 22.
1054 922 1160 983 sed
1195 928 1403 983 omnia
1437 947 1636 1008 usque
1669 931 1806 985 De-

102 1018 308 1088 jocem
358 1029 502 1074 sunt
536 1017 800 1090 incerta,
849 1035 1039 1096 quem
1085 1015 1448 1072 Herodotus
1488 1016 1556 1096 a)
1625 1037 1659 1075 e
1693 1018 1807 1075 Ju-

110 1102 277 1178 dice,
319 1101 494 1186 cujus
535 1105 911 1186 aequitatem
973 1098 1097 1184 jam
1146 1115 1326 1161 antea
1364 1106 1429 1161 in
1469 1100 1804 1185 judicando

103 1207 493 1276 perspectam
526 1188 902 1267 habuerunt,
949 1193 1226 1275 primum
1257 1191 1496 1274 Regem
1537 1191 1805 1253 electum

108 1280 294 1341 fuisse
337 1295 550 1365 putat:
592 1285 699 1363 qui
740 1284 926 1341 etiam
971 1278 1349 1339 Ecbatanam
1395 1281 1621 1341 urbem
1653 1303 1803 1342 con—

110 1368 303 1445 denS,
346 1369 490 1431 sede
528 1368 819 1453 deinceps
870 1371 956 1430 ibi
1006 1369 1246 1450 posita,
1294 1372 1502 1430 omnia
1556 1393 1671 1452 per
1707 1372 1805 1429 in-

107 1462 486 1534 ternuncios,
519 1473 592 1518 ut
636 1457 837 1540 major
874 1481 907 1518 e
936 1456 1285 1539 longinquo
1309 1461 1665 1519 reverentia
1695 1456 1805 1518 ha-

106 1548 349 1622 beatur,
386 1569 592 1608 secum
618 1551 714 1630 agi
741 1547 927 1627 jussit.
963 1548 1310 1604 Plzraortes
1349 1547 1410 1627 b)
1456 1549 1670 1608 Persas
1702 1570 1806 1609 re·-

105 1635 297 1696 belles
328 1636 494 1696 bello
535 1637 799 1719 subegit,
845 1633 950 1695 sed
975 1632 1225 1694 demum
1265 1649 1484 1695 contra
1514 1637 1807 1719 Assyrios

105 1747 390 1807 pugnans
411 1727 665 1783 victima
697 1723 938 1784 cecidit.
966 1724 1081 1781 Cui
1106 1721 1269 1783 filius
1307 1726 1635 1800 Cyaxares
1667 1747 1805 1785 suc-

105 1813 362 1887 cedens,
394 1813 451 1893 c)
497 1812 646 1872 dum
685 1814 880 1897 patris
910 1824 1180 1870 mortem
1200 1811 1415 1870 ulcisci
1439 1812 1648 1889 vellet,
1686 1815 1802 1874 Ni-

100 1904 419 1983 nivenque
458 1901 794 1975 obsideret,
833 1898 1093 1982 trepidis
1130 1902 1375 1960 nunciis
1411 1899 1667 1961 domum
1704 1926 1806 1963 re-

100 2004 364 2049 vocatur
390 2036 406 2065 ,
455 1994 566 2073 qui
610 1993 873 2048 Madian
919 1984 1291 2069 Scytharum
1318 2011 1532 2072 regem
1567 1993 1633 2050 in
1668 1990 1808 2052 Me-

103 2077 272 2136 diam
312 2081 610 2163 irrupisse
653 2078 1033 2139 afferebant:
1096 2100 1131 2135 a
1192 2100 1321 2160 quo
1367 2081 1555 2140 etiam
1592 2103 1805 2164 pugna

104 2169 305 2227 victus
331 2214 347 2243 ,
402 2189 545 2228 cum
587 2183 715 2228 tota
751 2167 883 2228 fere
924 2166 1071 2225 Asia
1110 2168 1435 2251 superiore
1471 2173 1571 2229 28.
1626 2172 1805 2229 annis

104 2254 350 2338 Scythis
384 2259 625 2319 servire
669 2259 916 2341 cogitur
941 2302 956 2331 ,
1003 2255 1111 2317 sed
1151 2256 1262 2315 ubi
1297 2277 1401 2317 eos
1436 2260 1669 2343 partim
1691 2258 1805 2319 do-

869 2345 1017 2407 H2
1649 2346 1714 2409 lo

254 2535 371 2587 lem
407 2544 464 2587 et
511 2534 762 2586 Tarsum
797 2551 912 2585 una
938 2531 1034 2586 die
1068 2528 1428 2603 aedffieavz't:
1478 2532 1567 2585 Ta
1603 2541 1802 2586 autem

256 2605 452 2675 hospes
485 2605 584 2656 ede
619 2603 761 2661 bibe.
799 2603 929 2656 lude
948 2643 962 2663 ,
996 2613 1192 2655 cetera
1215 2605 1370 2655 enim
1400 2623 1470 2654 ne
1491 2603 1654 2672 hujus
1672 2614 1803 2658 sunt

258 2674 454 2744 digna.
493 2674 652 2726 Diod.
686 2674 792 2725 Sic.
817 2675 875 2725 L.
907 2672 957 2726 2.
996 2673 1308 2726 Athenaeus
1355 2674 1417 2725 L.
1475 2672 1562 2728 12.
1583 2674 1799 2729 Strabo,

255 2745 321 2799 L.
364 2743 450 2797 14.
484 2744 549 2794 ad
589 2743 737 2813 quod
758 2742 1076 2794 Aristoteles
1107 2743 1289 2813 inquit
1317 2743 1456 2813 apud
1480 2745 1802 2799 Ciceronem

255 2816 318 2866 L.
354 2814 401 2867 5.
434 2815 658 2865 Tuscul.
707 2823 913 2883 quaest.
976 2813 1136 2880 Quid
1165 2814 1332 2866 aliud
1365 2813 1428 2866 in
1460 2812 1650 2882 bovi-9,
1688 2836 1798 2870 non

258 2885 320 2936 in
348 2885 511 2955 regis
547 2884 842 2955 sepulc-ltro
875 2881 1244 2936 inscribere&

165 2990 226 3064 a)
264 2993 329 3047 L.
373 2991 422 3044 1.
473 2989 633 3042 Diod.
670 2990 841 3045 sicul.
889 2990 954 3046 L.
988 2990 1041 3046 2.
1079 3010 1124 3045 c.
1184 2990 1272 3049 33.
1343 2991 1397 3067 b)
1438 2995 1702 3052 Herodot.
1738 2998 1796 3052 L.
1870 2965 1876 2970 ⁴

260 3063 308 3114 1.
381 3061 433 3134 c)
488 3061 658 3115 idem.
706 3061 838 3113 ibid.
888 3061 1050 3115 Diod.
1123 3064 1237 3118 Sic.
1289 3066 1595 3135 Cyaxarem
1644 3070 1796 3124 Aru-

253 3133 482 3186 barnam
518 3141 697 3191 vocat.
724 3133 792 3189 L.
826 3131 882 3189 2.
926 3152 978 3190 c·
1013 3131 1104 3189 24.
1138 3134 1404 3192 Biblioth.
1435 3138 1582 3195 Hist.
