2048 3786
646 189 1098 247 Persarum.
1514 199 1637 259 225

42 362 159 426 hoc
206 369 408 430 Persis
442 367 896 452 perniciosum,
942 371 1190 428 nonnisi
1236 375 1405 454 turpi
1440 396 1584 456 pace
1627 381 1729 436 Ci-

45 460 332 515 moniaea
365 462 448 516 ita
481 457 600 516 fuit
620 454 1000 515 confectum:
1046 470 1115 515 ut
1138 458 1360 520 Persae
1377 461 1540 520 ultra
1581 466 1729 522 Ha·-

39 547 169 620 ζγιη
209 544 467 605 fluvium
505 543 907 605 terrestribus
953 547 1148 626 copiis
1187 545 1267 606 ne
1321 548 1733 631 progredian—

40 645 178 708 tur,
218 635 365 694 item
430 636 496 714 a)
539 646 610 691 ut
647 634 812 691 intra
882 632 1169 708 Cyaneas
1209 647 1272 694 et
1336 639 1732 697 Chelidonias

40 718 224 804 longa
259 722 358 782 vel
390 734 656 782 rostrata
687 721 833 779 navi
875 741 956 780 ne
997 720 1484 785 inveherentur:
1532 741 1730 810 utque

38 807 263 870 Graeci
309 832 520 870 omnes
559 808 816 867 Asiatici
855 821 918 867 et
949 809 1260 893 Europaei
1283 812 1361 872 de
1395 812 1538 873 hinc
1574 814 1733 876 lihe-

37 899 94 954 ri
130 900 269 956 sint.
317 898 593 958 Tandem
624 899 982 954 Artaxerxe
1014 902 1199 959 tantis
1231 898 1519 963 fortunae
1545 906 1730 963 vicis-

34 985 407 1046 situdinibus
446 991 674 1070 agitato
714 1007 747 1045 e
793 987 923 1044 vita
963 984 1320 1066 decedente3
1353 1013 1640 1073 regnasse
1663 995 1732 1052 in

35 1072 288 1134 Perside
322 1074 552 1135 dicitur
588 1076 795 1155 primo
835 1075 1078 1132 Xerxes
1111 1079 1202 1135 II.
1240 1077 1516 1139 defuncti
1564 1084 1729 1164 regis

35 1160 200 1220 filius
244 1176 307 1223 et
351 1168 529 1247 regni
592 1162 839 1236 haere3‚
906 1166 1015 1245 qui
1064 1177 1267 1226 tamen
1317 1182 1455 1251 post
1501 1191 1728 1251 paucos

34 1271 271 1310 menses
310 1254 370 1334 b)
414 1277 449 1312 a
493 1252 692 1312 fratre
730 1253 1042 1328 Sogdiano
1082 1253 1320 1334 perfide
1381 1255 1727 1318 trucidatus

34 1354 142 1399 est.
163 1340 379 1401 Postea
398 1363 661 1424 regnum
679 1362 713 1397 a
728 1338 1043 1421 parricida
1061 1342 1119 1421 c)
1135 1357 1503 1427 occupatum
1528 1349 1692 1405 maxi
1722 1382 1727 1385 -

34 1430 151 1487 mis
191 1428 485 1489 abusibus
513 1429 895 1503 vexabatur3
956 1446 1347 1515 quapropter
1403 1434 1727 1517 Principes

36 1516 296 1594 Persae,
332 1521 713 1595 Sogdianam
751 1519 1052 1591 aversati,
1077 1523 1393 1580 communi
1441 1535 1590 1582 voto
1626 1545 1730 1584 re-

35 1626 176 1686 gem
207 1607 325 1665 sibi
349 1609 803 1670 constituerunt
829 1607 1096 1681 Ochum,
1133 1609 1519 1667 Artaxerxis
1537 1609 1731 1672 alium

37 1715 115 1753 ex
162 1695 384 1776 pellice
405 1693 635 1770 filium,
681 1715 949 1775 eumque
969 1694 1048 1752 ab
1081 1695 1401 1757 electionis
1434 1696 1537 1757 die
1580 1703 1730 1758 Da-

35 1785 199 1839 rium
232 1797 568 1858 vocarunt,
605 1784 670 1863 d)
718 1783 829 1864 qui
870 1785 1073 1839 Darii
1096 1787 1295 1843 Nothi
1325 1789 1578 1847 nomine
1616 1810 1732 1847 no-

34 1883 165 1944 ωε,
220 1870 600 1930 Judaeorum
638 1870 920 1954 politiam
955 1873 1261 1950 restituit,
1299 1874 1619 1957 Spartanis
1663 1898 1728 1932 a-

36 1957 261 2040 liisque
291 1959 754 2041 Peloponnesiis
796 1971 1013 2016 contra
1054 1958 1460 2022 Athenienses
1494 1963 1729 2023 auxilia

34 2048 239 2124 misit3
284 2062 562 2108 ceterum
603 2061 808 2108 tamen
853 2049 1068 2107 uxoris
1126 2051 1535 2127 Parysatidis
1597 2074 1731 2110 ma—

32 2132 384 2196 chinatione
416 2150 478 2196 et
506 2135 870 2196 crudelitate
902 2138 1235 2198 concitatas
1268 2140 1481 2200 turbas
1520 2144 1730 2224 sopire

33 2244 160 2282 non
192 2228 432 2307 potuit,
485 2238 624 2308 post
649 2223 822 2307 cujus
856 2239 1124 2310 mortem
1156 2250 1204 2285 a.
1244 2241 1388 2289 ante
1434 2227 1540 2289 Ch.
1578 2233 1723 2290 404.

32 2312 112 2373 ab
143 2310 272 2395 ejus
303 2313 446 2373 filiis
473 2316 868 2388 Artaxerxe,
922 2315 1268 2393 Mnemone,
1291 2332 1354 2379 et
1403 2320 1569 2395 Cyro
1615 2319 1651 2375 J
1657 2341 1727 2380 u-

33 2403 212 2462 niore
259 2405 561 2463 acerrime
607 2418 742 2465 erat
774 2415 1098 2466 certatum.
1147 2408 1397 2469 Patrem
1423 2409 1488 2466 in
1532 2408 1727 2492 impe-

35 2491 133 2548 rio
169 2492 413 2574 excepit
448 2489 623 2550 filius.
1606 2515 1613 2522 ·

860 2581 909 2641 P
1510 2585 1646 2643 Ar·-

104 2766 163 2839 α)
201 2766 481 2823 Plutarch.
518 2767 733 2824 Cimon.
763 2786 822 2838 p.
873 2766 1001 2826 487.
1056 2768 1284 2827 Diodor.
1321 2770 1494 2828 Sicul.
1537 2772 1597 2826 L.
1639 2770 1727 2830 12.

191 2855 249 2907 p.
291 2836 413 2894 291,
451 2856 604 2908 seqq.
642 2840 874 2893 confuso
905 2849 1089 2891 tamen
1126 2842 1341 2898 ordine.
1404 2840 1458 2914 h)
1498 2842 1728 2900 Diodor-

190 2908 359 2961 Sicul.
398 2909 463 2964 L,
503 2907 589 2964 12.
629 2929 676 2964 0.
713 2910 799 2963 64.
840 2911 1042 2962 Ctesias
1080 2913 1225 2981 apud
1263 2912 1550 2968 Photium.
1584 2914 1724 2966 Pto-

191 2980 430 3031 lomaeus
476 2979 535 3030 in
575 2979 793 3032 Canone
842 2999 930 3051 ap.
970 2980 1288 3037 Calvisium.
1326 2986 1379 3047 o)
1416 2982 1581 3039 Diod.
1613 2983 1727 3040 810.

192 3051 260 3127 L‘.
301 3047 399 3173 1Ξὶ
423 3069 488 3173 0.5
513 3047 590 3101 71.
627 3052 934 3174 [1300500105.
970 3052 1037 3108 L.
1069 3049 1195 3125 6.ἅ)
1231 3053 1393 3111 Diod.
1412 3054 1477 3110 L.
1512 3055 1606 3110 cit.
1624 3055 1724 3108 Ju-

195 3129 324 3178 stin.
412 3165 425 3177 .
495 3159 513 3178 .
551 3140 600 3176 0.
636 3145 639 3146 ’
670 3159 684 3174 .
