2048 3786
301 144 421 205 258
848 143 1272 208 Historid

207 324 327 410 plis
363 322 644 411 dupplici
691 326 879 390 modo
927 331 1198 406 exstitit,
1259 340 1423 390 stans
1460 351 1684 416 nempe
1715 344 1779 395 et
1811 355 1906 396 sea

209 415 361 476 dens
387 461 403 491 7
450 431 513 475 et
572 416 826 500 quidem
857 418 1033 479 Stans
1070 434 1202 481 erat
1236 419 1587 500 symbolum
1622 420 1908 507 volupta-

210 507 286 564 tis
307 551 322 581 ,
373 504 604 566 Sedens
634 529 788 568 vero
827 509 1336 569 immortalitatis.
1385 508 1558 569 Idola
1583 513 1771 571 etiam
1795 510 1909 571 do-
1937 566 1942 571 .

209 597 462 655 m-estica
507 597 571 654 in
608 618 723 656 usu
762 612 960 670 erant,
1009 621 1168 681 quae
1190 601 1239 658 si
1267 596 1425 657 nihil
1451 598 1755 682 profuisse
1791 623 1907 684 pu-

209 684 505 743 tabantur
529 729 545 759 ‚
593 689 760 745 inter
805 688 1098 748 maximas
1121 690 1545 749 execrationes
1570 687 1907 771 ejicieban-

208 786 330 831 tur.
422 772 613 856 Apud
658 773 1012 852 Cliinense8‚
1058 777 1306 860 Religio
1324 775 1671 837 Christiana
1703 780 1911 838 statim

208 861 419 922 seculo
462 864 670 945 primo
724 868 1063 947 propagari
1121 869 1366 950 coepit3
1433 866 1539 927 sed
1601 889 1751 926 mox
1791 888 1907 950 per

206 953 334 1009 Foe
367 964 700 1012 sectatores
759 954 1237 1036 impediebatur.
1288 955 1562 1016 Tandem
1600 978 1760 1015 anno
1797 953 1907 1014 Ch.

214 1040 401 1100 1517.
431 1043 872 1100 Fer-elinandus
895 1046 1183 1103 Peresius
1217 1049 1288 1103 de
1333 1048 1644 1103 Andracla
1670 1048 1735 1104 in
1764 1042 1912 1104 Chi-⁴

205 1151 352 1187 nam
391 1131 761 1212 penetravit.
785 1135 919 1190 Imo
946 1147 1008 1192 et
1042 1137 1102 1191 S.
1131 1136 1510 1191 Franciscas
1535 1157 1700 1194 anno
1723 1136 1908 1194 1552.

209 1239 460 1278 eorsum
519 1220 613 1278 ire
673 1222 991 1301 cogitavit.
1085 1223 1229 1281 Non
1275 1221 1474 1281 multo
1509 1236 1648 1305 post
1699 1237 1910 1282 autem

207 1310 470 1368 Bit-cias
502 1307 676 1366 aditu
721 1309 839 1368 sibi
876 1308 1178 1393 patefacto
1203 1356 1219 1385 ‚
1267 1309 1371 1369 alii
1409 1313 1597 1372 etiam
1627 1311 1912 1394 Religio-

207 1398 304 1455 nis
353 1394 739 1458 Christianae
779 1402 1082 1481 magistri,
1128 1397 1281 1460 dum
1322 1399 1693 1475 Calendarii‚
1733 1415 1794 1461 et
1818 1401 1910 1460 rei

207 1489 651 1548 tormentariae
704 1490 995 1570 peritiam
1045 1488 1476 1564 venditarent,
1532 1492 1718 1550 etiam
1784 1491 1915 1549 Do·-

206 1578 447 1635 ctrinae
463 1577 873 1660 Evangelicae
907 1577 1346 1664 propagandae
1368 1581 1535 1639 nacti
1555 1593 1698 1639 sunt
1727 1601 1918 1662 opor-

211 1667 523 1726 tunitates.
571 1699 659 1710 -—-
704 1669 881 1728 Inter
926 1667 1414 1729 Consvetudines
1462 1667 1588 1753 jam
1640 1668 1721 1727 ab
1753 1670 1916 1726 anti-

211 1776 374 1838 quo,
423 1754 667 1815 licitum
711 1771 842 1817 erat
887 1759 1043 1818 viris
1099 1758 1311 1842 plures
1364 1757 1593 1820 ducere
1644 1779 1911 1832 uxoreo„

213 1868 483 1928 quarum
540 1867 731 1905 unam
819 1845 990 1907 domi
1071 1862 1440 1924 servarunt,
1509 1861 1741 1909 ceteras
1806 1869 1915 1906 ve-

209 1956 285 1993 ro
340 1936 532 1994 variis
594 1937 661 1994 in
700 1935 852 1996 locis
898 1935 1374 2021 disposuerunt:
1430 1959 1628 2021 quare
1675 1934 1910 1996 adulte-

211 2045 313 2082 ros
349 2038 631 2084 extremo
684 2025 991 2109 supplicio
1038 2027 1421 2087 affecerunt.'
1461 2028 1815 2110 Lupanaria
1846 2028 1911 2083 in

209 2112 529 2173 suburbiis
556 2160 571 2188 7
620 2127 684 2174 et
725 2137 850 2175 non
889 2116 955 2174 in
980 2116 1245 2176 urbibus
1267 2131 1458 2176 erant.
1478 2117 1740 2199 Nuptias
1761 2130 1917 2176 tem-

209 2224 367 2288 pore
402 2203 712 2263 novilunii
747 2204 982 2265 Martio
1001 2228 1246 2282 mense,
1280 2227 1408 2287 quo
1443 2228 1674 2264 annum
1702 2202 1921 2264 incho-

210 2315 320 2353 are
358 2292 640 2353 solebant
665 2339 681 2368 ‚
728 2294 1132 2356 celebrarunt
1156 2298 1321 2356 inter
1353 2297 1663 2370 convivia,
1705 2294 1913 2378 splen-

213 2380 357 2442 dide
420 2396 482 2442 et
530 2405 754 2465 magno
800 2398 1118 2468 apparatu.
1172 2385 1578 2445 Matrimonia
1620 2407 1738 2469 pro
1786 2386 1911 2444 suis

211 2470 497 2556 prolibus
532 2486 821 2556 parentes
866 2472 1278 2550 contrahunt3
1317 2469 1584 2558 ¹'publica
1637 2472 1914 2557 prolium

209 2559 497 2621 educatio
531 2561 606 2620 ad
639 2561 1042 2624 Mandarinos
1086 2565 1376 2648 pertinet.
1417 2563 1665 2626 Vestitu
1704 2563 1910 2645 longo,

211 2649 369 2711 Cibo
412 2649 680 2734 frigido,
746 2666 808 2712 et
851 2659 1002 2737 potu
1044 2651 1245 2713 calido
1292 2666 1573 2714 utuntur.
1629 2654 1916 2714 Mortuos

215 2754 418 2801 terrae
462 2739 795 2819 ma11dant3
834 2742 1143 2805 luctuosae
1162 2757 1360 2804 vestes
1392 2757 1536 2803 sunt
1565 2743 1758 2804 albae.
1798 2757 1911 2804 eto.

210 2827 583 2890 Autochiria
629 2829 705 2890 ad
752 2831 1161 2893 avertendum
1201 2831 1456 2915 aliquod
1503 2832 1916 2894 infortunium

215 2932 354 2978 erat
397 2919 569 2979 licita
594 2966 610 2994 ‚
659 2942 822 3004 quae
862 2922 1217 2983 Sinensium
1258 2925 1608 3005 ignaviam,
1677 2921 1916 2982 effemi-

208 3010 466 3092 natique
509 3012 702 3072 animi
747 3008 1163 3099 dejectionem
1199 3011 1401 3098 palam
1433 3011 1663 3099 prodit.

1672 3100 1721 3182 ᾗ.
1771 3102 1825 3162 5.
