2048 3786
370 195 446 255 58
954 202 1367 267 Historia

267 390 532 441 aetatem
592 378 917 443 hominum
977 382 1085 442 diu
1145 395 1433 465 vegetam
1488 381 1977 443 conservandam

267 490 394 529 non
422 493 642 554 parum
678 471 967 533 conferre
1002 472 1216 532 solent.
1269 473 1441 532 Inter
1466 470 1570 531 has
1603 485 1861 532 naturae
1884 475 1979 531 vi-

266 558 656 620 cissitudines
692 565 942 637 evenit,
989 575 1059 620 ut
1105 559 1217 619 filii
1250 560 1367 621 Dei
1417 583 1494 622 ex
1530 560 1756 619 Sancta
1803 563 1982 618 Setlzi

275 650 474 733 stirpe
520 653 678 725 orti,
742 674 885 711 cum
933 652 1125 735 impia
1182 651 1367 708 Caini
1407 652 1712 732 progenie
1755 651 1980 708 matri-

271 740 482 796 monia
513 740 863 822 iungerent,
909 743 1204 823 verisque
1234 739 1518 799 moribus
1561 741 1627 798 in
1666 737 1982 799 deteriora

270 823 687 888 haberentur:
737 839 866 913 quo
914 853 991 890 ex
1053 830 1431 890 commercio
1484 827 1630 888 dein
1692 826 1988 910 Gigantes

273 930 419 975 sunt
464 921 792 1000 prognati,
840 940 909 977 ac
955 920 1297 979 successive
1335 920 1400 976 in
1454 939 1639 978 omne
1696 916 1987 999 volupta-

275 1019 408 1064 tum
440 1019 502 1064 et
541 1005 920 1090 flagitiorum
953 1029 1147 1090 genus
1180 1021 1465 1082 ruenteS,
1514 1010 1673 1066 iram
1695 1004 1987 1089 Supremi

273 1094 567 1154 Numinis
611 1099 743 1157 inse
788 1111 1250 1179 provocarunt3
1297 1119 1525 1181 nempe
1567 1094 1989 1156 universalem

274 1197 632 1243 creaturam
656 1188 835 1268 aquis
861 1185 1085 1245 diluvii
1117 1185 1500 1270 perdendam
1525 1209 1536 1245 :
1588 1207 1749 1267 quae
1777 1199 1988 1244 tamen

275 1294 354 1332 ex
395 1274 525 1332 irae
548 1318 564 1346 ,
613 1273 1057 1357 vindictaeque
1082 1274 1313 1348 medio,
1362 1289 1433 1333 ut
1470 1276 1700 1334 Divina
1741 1274 1991 1334 miseri-

272 1358 490 1420 cordia
522 1361 934 1438 elucesceret,
982 1377 1235 1423 centum
1263 1365 1488 1445 viginti
1526 1365 1673 1422 anni
1705 1362 1997 1422 mortali-

280 1450 399 1509 bus
436 1448 514 1508 ad
561 1452 1054 1536 resipiscendum
1080 1454 1354 1512 concessi
1387 1466 1546 1512 sunt.
1595 1453 1735 1524 Quo
1758 1467 2000 1536 tempo-

280 1560 353 1599 re
399 1539 714 1599 assiduum
750 1539 1021 1623 justitiae
1041 1563 1419 1625 praeconem
1454 1545 1586 1600 Noe
1605 1545 1773 1624 egit3
1818 1540 1995 1625 cujus

274 1627 491 1689 verbis
536 1645 609 1689 ut
648 1629 852 1714 major
898 1633 1234 1692 auctoritas
1265 1629 1623 1706 accederet,
1670 1633 1805 1693 Deo
1823 1653 1999 1691 man-

279 1717 501 1793 dante,
548 1719 891 1803 stupendae
928 1720 1110 1782 molis
1154 1743 1332 1782 arcae
1369 1723 1904 1782 constructionem
1930 1723 1997 1779 in

283 1805 481 1867 oculis
516 1811 801 1869 omnium
844 1830 1166 1894 aggressus
1202 1824 1333 1888 est3
1380 1824 1443 1871 et
1478 1824 1670 1893 prout
1717 1811 1839 1870 sibi
1879 1811 1997 1869 im-

284 1910 576 1980 peratum
610 1919 765 1982 opus
810 1900 1107 1983 perfecit,
1156 1921 1305 1959 mox
1339 1912 1578 1984 septem
1616 1922 1695 1960 ex
1728 1898 1999 1975 mundiS,

287 1985 454 2045 binis
480 2009 558 2047 ex
596 1988 936 2049 immundis
963 1988 1336 2050 animalibus
1371 1991 1434 2048 in
1468 2011 1678 2050 arcam
1710 1991 2000 2073 receptiS,

287 2074 552 2136 eandem
596 2077 663 2158 a)
715 2099 859 2137 cum
906 2082 1079 2155 Sem,
1148 2082 1379 2154 Cham,
1438 2090 1501 2137 et
1541 2080 1779 2156 chplzet
1824 2078 2001 2156 filiis,

292 2165 445 2225 ite-m
475 2187 611 2238 sua,
661 2163 1066 2252 filiorumque
1107 2169 1435 2243 uxoribus,
1483 2192 1533 2226 a.
1567 2169 1653 2230 Μ.
1694 2171 1879 2232 1656.
1905 2172 1999 2228 in-

291 2256 484 2336 gressi
521 2269 700 2333 sunt;
765 2271 827 2318 et
862 2280 1010 2318 mox
1055 2257 1261 2319 imber
1296 2257 1374 2320 de
1418 2258 1594 2319 coelo
1651 2256 1830 2318 fundi
1867 2281 2010 2320 coe-

289 2345 421 2427 pit,
468 2344 529 2424 h)
554 2366 714 2427 quae
748 2351 1066 2410 communi
1105 2349 1388 2408 omnium
1408 2362 1725 2408 terrarum
1765 2348 2007 2410 eluvio-

290 2455 404 2508 ne,
452 2433 751 2495 absumtis
796 2436 1060 2520 reliquis
1108 2437 1564 2521 animantibus,
1625 2440 1832 2522 ipsum
1886 2436 2000 2497 hu-

287 2543 543 2581 manum
589 2545 781 2605 genus
824 2525 902 2585 ad
951 2541 1093 2587 octo
1140 2528 1343 2610 capita
1389 2526 1712 2588 redactum
1763 2541 1869 2589 est.
1918 2563 2004 2572 --

287 2611 621 2672 Terribilis
668 2611 849 2676 huius
888 2615 1112 2676 diluvii
1144 2619 1483 2692 memoria,
1533 2615 1697 2701 apud
1741 2620 2002 2679 univer-

1823 2729 1917 2767 sos

366 2870 426 2945 a)
467 2871 620 2923 Joan.
660 2870 726 2921 de
773 2872 1039 2924 Pellenen
1078 2874 1399 2931 Dissertatio
1438 2878 1505 2929 de
1562 2878 1769 2948 figura,
1822 2888 1876 2930 et
1921 2877 2008 2928 di-

459 2942 962 2995 mensurationibus
1000 2964 1172 2999 arcae..
1213 2948 1343 3001 edit.
1382 2949 1708 3018 Rhotomag.
1760 2969 1809 3002 a.
1853 2947 2011 3002 1700.

447 3013 646 3085 probat
663 3012 967 3066 aedificium
989 3018 1259 3071 suffecisse
1281 3020 1347 3073 ad
1367 3022 1682 3092 excipienda
1698 3020 1880 3073 omnia
1896 3023 2015 3074 ani-

450 3086 612 3137 malia
640 3125 653 3145 ‚
697 3102 819 3137 oum
859 3087 1115 3141 omnibus
1152 3092 1292 3145 vitae
1329 3093 1661 3145 necessariis.
1709 3090 1763 3163 b)
1803 3092 1934 3145 Gen.
1957 3112 2002 3145 c.

452 3156 501 3208 6.
541 3167 593 3208 et
637 3155 686 3209 7.
