2048 3786
578 159 1218 237 Aegyptiorum.
1562 151 1680 212 155

75 345 224 406 teris
263 339 619 402 hominibus
663 341 791 398 sine
831 357 1134 394 consensu
1196 330 1506 391 Judicum.
1572 332 1773 413 Reges

78 455 158 494 cx
203 432 584 515 praescripto
608 446 924 493 sacrarum
953 423 1280 484 literarum
1304 420 1491 479 certis
1516 418 1671 477 cibis
1714 433 1777 478 et

75 519 382 579 distinctis
422 517 779 575 utebantur.
829 513 1017 573 Om'ni
1054 508 1157 573 die
1202 507 1277 566 ad
1317 505 1775 590 templumlsi-

80 607 174 668 dis
211 612 303 668 ire
349 605 692 678 debebant3
724 599 835 659 ubi
876 619 1150 661 summus
1209 593 1492 657 sacerdos
1538 614 1781 655 sermo-

80 719 226 756 nem
261 694 478 755 habuit
508 690 587 751 de
627 690 814 771 regiis
842 687 1223 761 virtutibus3
1271 683 1504 767 quibus
1545 684 1785 745 instru-

76 800 212 844 ctus
231 806 357 845 esse
375 781 599 842 debeat
615 779 816 838 omnis
849 799 981 837 rex.
1005 810 1091 820 —-
1107 775 1302 856 Leges
1320 773 1780 854 Aegyptiorum

87 887 267 933 erant
303 873 594 953 optimae,
630 869 778 949 quia
796 864 1137 925 tendebant
1184 864 1247 920 in
1294 860 1784 922 emolumentum

82 960 335 1045 populi,
383 957 754 1016 industriam
799 956 1083 1014 omnium
1132 948 1664 1035 promovendam,
1722 961 1784 1009 et

79 1052 387 1118 vitiorum
410 1046 938 1127 exstirpationem.
991 1044 1127 1102 Lex
1149 1037 1627 1099 fundamentalis
1653 1049 1788 1100 erat

88 1138 134 1197 I.
172 1138 412 1196 Divisio
443 1133 658 1218 populi
700 1134 766 1190 in
788 1147 984 1193 certas
1009 1131 1245 1205 classeS‚
1294 1151 1483 1213 quam
1532 1126 1789 1186 divisio-

88 1248 231 1285 nem
269 1226 603 1283 Sessostris
668 1221 737 1301 a)
786 1223 1057 1281 instituit
1128 1221 1193 1278 in
1234 1240 1340 1278 sex
1401 1216 1665 1289 ClasseS,
1696 1215 1791 1272 uti

91 1316 157 1372 in
192 1312 560 1373 Sacerdotes
586 1357 603 1386 ,
643 1309 896 1385 Milites,
944 1307 1302 1391 Agricolas,
1350 1307 1613 1380 Nautas,
1661 1303 1793 1362 Ar-

96 1399 289 1463 tifices
330 1416 392 1461 et
427 1403 724 1460 PastoreS.
792 1401 1156 1461 Sacerdotes
1198 1397 1384 1455 Sacra
1412 1395 1644 1469 munia,
1683 1393 1797 1451 Ju-

93 1491 254 1556 dicia
277 1536 293 1565 ,
333 1485 814 1570 Philosophiam,
862 1501 925 1548 et
964 1486 1431 1545 Astronomiam
1470 1503 1788 1554 exercere,

92 1593 157 1641 et
197 1600 339 1637 cum
375 1578 628 1661 regibus
676 1577 1039 1638 conversari
1097 1572 1441 1648 debebant,
1491 1571 1551 1651 (b
1596 1591 1793 1653 quare

89 1670 277 1729 etiam
309 1664 654 1727 Sacerdotii
697 1667 1034 1748 participes
1090 1676 1274 1727 erant
1313 1682 1506 1743 reges.
1571 1658 1792 1718 Altera

89 1753 293 1814 classis
327 1768 461 1815 erat
505 1752 820 1827 Militum,
875 1753 954 1813 ad
997 1774 1188 1835 quam
1233 1748 1658 1832 seligebantur
1691 1769 1797 1807 ro-

91 1843 402 1905 bustiores
425 1857 488 1903 et
504 1841 867 1902 feracissimi
885 1843 1029 1916 viri,
1048 1839 1278 1923 quibus
1307 1841 1443 1921 agri
1476 1851 1539 1897 et
1569 1858 1798 1896 uxores

93 1931 440 2007 dabantur,
475 1946 546 1990 ut
575 1929 881 1991 reditibus
901 1931 1210 2003 instructi,
1237 1926 1407 1986 nulla
1446 1948 1516 1988 re
1557 1923 1799 2006 indige-

94 2036 270 2096 rent,
326 2020 433 2081 sed
475 2019 716 2080 bellicis
752 2021 1018 2101 negotiis
1063 2029 1545 2077 exercerentur:
1593 2015 1652 2094 c)
1683 2010 1801 2073 hoc

93 2132 272 2192 reges
315 2109 707 2193 probabilius
757 2106 899 2169 ideo
954 2110 1453 2181 constituerunt,
1499 2117 1571 2163 ut
1594 2125 1664 2164 ea
1694 2127 1806 2173 Vra.²

92 2201 264 2259 tione
310 2198 545 2281 dupplo
597 2196 948 2258 dulciorem
997 2199 1070 2256 iis
1111 2194 1454 2260 redderent
1488 2195 1755 2277 patriam
1783 2240 1797 2266 ,

98 2309 313 2348 omnes
351 2288 730 2347 calamitates
763 2309 884 2371 pro
943 2308 1013 2346 ea
1066 2286 1302 2369 promti
1351 2282 1673 2358 sufferent,
1703 2295 1804 2341 ut-

103 2399 228 2458 que
266 2398 384 2459 pro
431 2380 631 2459 agriS,
669 2376 976 2436 uxoribus
1036 2389 1099 2436 et
1152 2372 1436 2457 prolibus
1468 2370 1803 2432 fortissime

99 2464 508 2526 decertarent.
572 2464 912 2527 Artificum
937 2478 999 2526 et
1022 2465 1350 2523 Pastorum
1384 2462 1614 2522 Classes
1651 2482 1803 2520 con-

102 2568 325 2613 temtae
387 2570 566 2615 erant
682 2556 760 2614 11.
826 2551 1255 2615 Homicidium
1319 2566 1525 2611 morte
1581 2552 1803 2634 punie-

100 2642 322 2718 batur3
373 2646 422 2701 si
472 2658 675 2705 tamen
728 2665 949 2727 parens
984 2664 1098 2725 per
1142 2637 1630 2724 imprudentiam
1658 2661 1808 2722 pro-

101 2729 225 2791 lem
262 2730 583 2794 occidisset
607 2779 623 2809 ,
666 2755 803 2794 eam
845 2745 1157 2791 mortuam
1201 2728 1414 2789 triduo
1445 2727 1696 2813 publice
1737 2728 1799 2783 in

1547 2816 1712 2876 ulnis

171 2953 234 3027 a)
274 2953 606 3007 Aristoteles,
637 2953 700 3005 L.
737 2950 786 3003 7.
809 2949 877 3001 de
913 2969 1027 3021 rep.
1052 2970 1095 3001 ο.
1132 2947 1217 3003 10.
1293 2947 1348 3018 b)
1385 2948 1604 3002 Strabo.
1626 2947 1691 2999 L.
1717 2945 1801 3000 17.

264 3044 317 3095 p.
354 3022 649 3077 580-611.
688 3031 741 3074 et
766 3021 918 3074 Plato
953 3021 1279 3077 inTiman.
1321 3021 1388 3073 T.
1408 3019 1459 3075 3,
1492 3038 1547 3091 p.
1590 3016 1673 3078 24.
1747 3018 1801 3091 c)

271 3095 498 3149 Diodor.
535 3095 595 3150 L.
631 3091 681 3146 1.
717 3113 761 3146 c.
800 3092 885 3149 54,
