2048 3786
314 154 439 221 116
857 174 1292 230 Historia

212 343 277 406 Io
341 347 510 410 inter
548 350 761 436 epulas
798 352 1163 430 sustulisset,
1205 356 1439 438 partim
1478 377 1553 415 ex
1581 351 1790 415 Media
1833 378 1944 416 ex—

216 436 562 517 turbasset,
635 440 846 525 jugum
895 445 1204 521 excussit3
1253 445 1380 504 imo
1422 446 1941 503 Nabucodonoso-

216 529 313 585 ris
347 530 584 591 auxilio
609 531 890 593 Niniven
919 547 1164 617 captam
1186 535 1452 611 evertit,
1489 533 1940 617 Assyriamque

210 635 323 676 suo
370 619 681 704 imperio,
732 646 893 706 quae
937 620 1058 703 jam
1102 621 1180 683 ad
1232 621 1496 682 fluvium
1534 622 1747 682 Halim
1793 646 1939 707 per-

212 706 515 791 tingebat,
563 709 837 773 feliciter
874 711 1119 795 adjecit.
1172 711 1347 774 Idem
1366 735 1512 773 cum
1533 715 1780 789 Αζγαίε
1812 712 1938 793 Ly·-

213 793 357 858 diae
383 821 532 882 rege
569 803 745 861 varia
764 801 1020 862 fortuna
1046 801 1285 863 bellum
1323 805 1528 885 gessit,
1578 798 1752 886 quod
1788 800 1942 862 dum

209 883 279 943 in
338 903 589 950 sextum
641 913 875 951 annum
917 888 1041 973 jam
1104 891 1626 977 protraheretur,
1674 907 1934 975 repente

205 974 495 1062 Ecclypsi
540 979 688 1041 solis
732 983 979 1059 territi,
1028 984 1362 1066 utriusque
1395 984 1595 1066 partis
1632 981 1861 1042 milites
1900 1006 1936 1041 a

207 1086 423 1149 pugna
455 1069 867 1145 destiterunt,
915 1094 1170 1156 paxque
1202 1072 1486 1133 confecta
1530 1086 1636 1134 est.
1731 1067 1937 1154 Hujus

203 1177 522 1219 successor
550 1158 670 1219 fuit
710 1163 1037 1237 Aloanda-9,
1078 1184 1268 1245 quem
1322 1163 1548 1222 Graeci
1601 1161 1668 1242 a)
1715 1163 1937 1219 Astia-

201 1268 350 1324 gem
405 1263 672 1325 vocant,
705 1251 815 1332 qui
862 1264 999 1310 erat
1051 1265 1233 1334 pater
1276 1253 1668 1325 *Μαηεῖαηίὴ
1719 1274 1753 1309 a
1810 1273 1935 1333 qua

204 1350 390 1396 natus
417 1353 509 1398 est
543 1341 765 1416 Cyrus,
791 1341 1094 1418 Astiages
1129 1342 1326 1422 igitur
1345 1342 1626 1424 paternis
1649 1339 1937 1399 moribus

203 1424 481 1504 alienus,
535 1427 713 1488 luxui
755 1444 953 1490 semet
996 1429 1275 1506 tradidit,
1323 1451 1595 1513 suosque
1618 1430 1750 1490 otio
1794 1451 1939 1487 cor-

203 1520 419 1601 rumpi
496 1540 706 1603 passus
777 1531 902 1597 est3
975 1542 1173 1603 quare
1256 1522 1463 1597 Cyrus
1521 1516 1656 1602 ejus
1736 1541 1933 1602 nepos

203 1607 375 1666 circa
413 1607 488 1668 A.
534 1609 618 1667 Μ.
657 1611 846 1671 5491.
899 1610 1118 1670 Persas
1155 1607 1233 1669 ad
1300 1607 1725 1670 defectionem
1790 1608 1940 1670 soli-

203 1697 465 1774 citavit,
517 1713 579 1759 et
607 1698 790 1759 brevi
841 1713 1023 1760 enato
1068 1699 1273 1775 bello,
1336 1700 1633 1782 victoque
1676 1712 1739 1760 et
1767 1720 1937 1760 com-

204 1784 518 1869 prehenso
560 1792 872 1868 Astiage,
920 1789 1260 1851 Medorum
1303 1789 1646 1873 imperium
1682 1791 1935 1867 evertit,

206 1890 271 1937 et
309 1876 748 1938 Monarchiani
785 1880 1104 1940 Persicam
1158 1878 1458 1940 condidit.

369 1969 640 2026 Beleszcs
684 1982 753 2028 ut
777 1966 1050 2028 vidimus
1086 1971 1149 2029 in
1176 1967 1488 2030 divisione
1527 1965 1934 2029 Monarchiae

201 2052 594 2136 Assyriacae,
643 2081 911 2142 regnum
947 2058 1246 2141 Assyriae
1293 2074 1356 2120 et
1415 2057 1801 2141 Babyloniae
1843 2073 1936 2120 te-

201 2145 362 2222 nuit3
405 2162 549 2229 post
573 2170 765 2232 quem
790 2147 957 2232 apud
980 2149 1274 2231 Assyrios
1311 2149 1585 2209 duorum
1608 2148 1710 2210 vel
1736 2150 1932 2209 trium

201 2257 427 2317 regum
466 2241 720 2297 nomina
746 2239 1031 2315 silentur,
1058 2263 1337 2323 moxque
1358 2254 1746 2300 memoratur
1767 2241 1940 2299 Palzl

201 2322 264 2404 b)
312 2326 423 2408 qui
452 2330 899 2387 Merzczlzemmn
926 2352 1142 2412 regem
1171 2329 1415 2391 Israelis
1454 2331 1518 2388 in
1542 2352 1742 2413 regno
1778 2351 1931 2390 con-

201 2410 498 2476 firmavit.
559 2421 831 2498 Teglatlz
862 2422 1199 2479 Phalazczr
1244 2417 1587 2481 Chaldaeos
1625 2421 1684 2501 c)
1732 2419 1932 2481 Babe-

198 2500 326 2564 lem
365 2504 670 2583 traduxit,
715 2508 1072 2592 urbemque
1116 2509 1468 2593 neglectam
1509 2512 1929 2587 instauravit3

194 2593 314 2654 sub
360 2618 489 2678 quo
526 2599 842 2657 Baladcm
897 2598 1045 2666 alias
1119 2602 1542 2681 Nabonassar
1589 2600 1929 2684 Babylonis

193 2682 556 2748 Praefectus
595 2688 673 2747 ab
716 2688 990 2770 Assyriis
1026 2688 1320 2751 deficiens
1350 2712 1413 2749 se
1458 2714 1671 2773 regem
1712 2689 1930 2775 appel-

196 2771 367 2851 lavit,
412 2800 446 2834 a
489 2800 616 2861 quo
647 2777 1065 2840 celeberrima
1089 2780 1593 2863 Babyloniorum
1621 2803 1764 2841 aera
1799 2781 1914 2840 Na-

1723 2871 1839 2932 bo-

267 3018 326 3090 a)
371 3020 534 3078 Diod.
574 3020 748 3077 Sieul.
770 3022 838 3079 L.
860 3021 913 3078 2.
949 3043 999 3078 ο.
1038 3020 1129 3079 34.
1152 3021 1248 3075 ubi
1269 3022 1501 3091 Astiagis
1522 3040 1609 3074 res
1628 3021 1925 3102 ‘legamina

354 3088 1485 3238 53?3²1.R{÷3³⁰ffi212·e15.·35.1321ssf⁵⁶p¹¹·
1524 3103 1703 3167 amq·
1756 3095 1826 3150 ¹²·
1864 3092 1920 3149 ⁹·
