2048 3786
521 203 1098 261 Altheniensia
1125 223 1198 256 m.
1529 208 1651 265 285)

59 386 224 445 enim
264 377 524 441 Athenis
565 392 698 440 erat
721 424 738 453 ,
769 378 1236 442 luxuriosorum
1253 377 1441 461 pedes
1472 403 1752 467 ungven-

56 474 132 531 tis
163 470 424 530 illinere.
467 469 536 547 a)

221 560 268 638 ᾗ.
321 560 376 618 5.
425 559 650 615 Status
672 556 976 612 Politia-zos
1000 595 1015 624 ‚
1057 563 1118 608 et
1148 555 1386 612 Forma
1420 553 1749 628 regiminis

59 646 321 707 Graecia
357 646 539 704 initio
576 645 642 701 in
678 641 888 726 plures
924 661 1148 721 parvas
1201 640 1609 727 Respublicas
1642 638 1761 701 fuit

54 734 346 794 distincta
373 779 389 808 ,
442 735 608 790 inter
647 751 800 814 quas
825 748 1105 789 successu
1139 734 1438 815 temporis
1483 726 1760 789 Athena-

55 845 279 882 narum
312 818 663 905 respublica
722 818 1017 893 eminuit,
1072 815 1246 901 cujus
1285 819 1462 879 urbis
1526 817 1762 878 incolae

56 911 447 992 eloquentia,
495 910 726 966 artium
789 906 1179 967 diversarum
1240 911 1630 991 cognitione,
1690 929 1761 967 ac

54 1021 304 1058 morum
344 1011 664 1058 venustate
681 1009 934 1055 cunctos
967 993 1116 1054 alios
1136 997 1598 1058 antecedebant.
1637 997 1759 1055 Hic

56 1089 296 1170 primus
328 1090 442 1147 rex
490 1099 626 1146 erat
670 1087 933 1161 Cecrops
979 1084 1056 1165 b)
1104 1106 1175 1143 ex
1220 1084 1509 1170 Aegypto
1544 1087 1760 1147 oriun-

35 1175 186 1251 dus,
235 1177 347 1258 qui
393 1176 763 1258 Cecropiam
798 1193 1006 1234 arcem
1043 1171 1431 1250 aedificavit,
1479 1176 1587 1234 ubi
1634 1188 1759 1233 tar-

54 1263 192 1325 dius
239 1260 521 1323 Athenae
553 1265 790 1346 positae
827 1275 999 1321 sunt:
1040 1260 1117 1320 ad
1161 1285 1254 1320 an.
1288 1264 1374 1323 M.
1419 1265 1605 1325 2594.
1652 1285 1761 1321 cu·-

57 1351 150 1433 jus
193 1354 372 1435 regni
419 1350 735 1411 Historiae
779 1364 1031 1410 centum
1060 1365 1201 1432 post
1228 1354 1449 1410 Mosen
1489 1354 1664 1411 annis
1690 1351 1761 1409 fi-

57 1455 172 1500 unt
203 1439 675 1517 memorabiles3
743 1458 814 1498 ac
865 1437 1125 1499 totidem
1168 1438 1301 1500 fere
1363 1443 1539 1500 annis
1616 1456 1762 1500 ante

57 1527 371 1589 Christum
400 1542 616 1588 natum
640 1573 656 1603 ,
702 1549 780 1588 ex
805 1526 1018 1588 eadem
1038 1527 1313 1587 Historia
1347 1551 1408 1590 se
1427 1532 1762 1613 recipiunt,

62 1632 131 1676 ut
175 1619 470 1676 Romanis
502 1617 830 1676 obnoxiae.
879 1613 1081 1698 Hujus
1114 1617 1552 1699 elegantissimi
1577 1620 1758 1699 regni

61 1707 339 1765 Historia
361 1751 377 1779 ‚
402 1707 640 1788 Optime
682 1706 745 1763 in
770 1718 896 1764 tres
925 1703 1217 1786 periodos
1239 1706 1565 1783 dividitur,
1585 1729 1759 1767 nem-

58 1817 154 1875 pe.
197 1797 244 1852 Ι.
300 1798 590 1852 Veterem
613 1840 628 1868 ⁷
662 1815 695 1851 a
729 1795 935 1875 primo
973 1792 1299 1854 conditore
1341 1797 1606 1872 Cecrope
1633 1841 1647 1867 ,
1678 1794 1756 1853 ad

57 1882 346 1941 ultimum
418 1882 656 1963 Regem
756 1883 1022 1939 Codrum
1046 1928 1061 1956 ,
1128 1885 1341 1940 Saulis
1394 1882 1715 1965 aequalem
1743 1929 1760 1959 ,

54 1972 411 2053 quingentis
434 1974 625 2029 annis.
670 1969 746 2028 ΙΙ.
768 1972 1211 2028 Intermecliccm
1233 2017 1247 2044 ,
1295 1971 1411 2030 sub
1435 1973 1610 2030 XIH.
1632 1971 1757 2029 Ar-

53 2058 380 2119 chontibus
424 2060 743 2141 perpetuis
762 2101 777 2131 ,
823 2071 886 2117 et
908 2073 1145 2140 septem
1165 2057 1604 2120 decennalibus
1626 2060 1757 2119 Ar-

53 2145 418 2224 chontibus3
468 2169 628 2228 quae
664 2145 920 2205 duravit
957 2149 1100 2207 570.
1138 2151 1312 2208 annis
1339 2147 1449 2208 ubi
1480 2150 1596 2208 sub
1622 2151 1756 2232 pri-

52 2258 156 2295 mo
192 2234 518 2295 decennali
556 2232 883 2295 Archonte
911 2281 926 2310 ,
965 2236 1169 2295 Roma
1191 2235 1312 2296 fuit
1356 2237 1750 2297 condita.III.

54 2328 514 2399 Recentiorem,
583 2326 781 2408 spatio
832 2325 975 2385 600.
1021 2347 1362 2401 annorum,
1423 2349 1619 2407 usque
1672 2325 1750 2386 ad

52 2434 322 2494 pugnam
338 2410 831 2471 Marathonicam
849 2434 917 2471 ac
942 2411 1420 2475 Chaeronaeam.
1463 2416 1620 2474 Nam
1655 2417 1753 2472 in—

54 2499 131 2559 de
167 2503 242 2560 ab
290 2498 714 2560 Archontibus
738 2504 956 2561 annuis
981 2504 1024 2560 Ι.
1044 2504 1298 2578 Plebeja
1328 2515 1620 2579 potestas
1639 2503 1753 2563 do-

55 2583 409 2648 minabatur
432 2611 626 2670 usque
647 2588 724 2646 ad
761 2592 1281 2649 Marathoniam
1299 2614 1569 2675 pugnam
1603 2597 1745 2653 200.

55 2681 245 2737 annis.
289 2679 447 2737 Item
473 2681 547 2735 ΙΙ.
583 2700 615 2734 a
662 2676 907 2738 Praelio
950 2680 1398 2738 Μαναέῖιοηίοο
1430 2703 1628 2763 usque
1668 2681 1745 2739 ad

61 2769 513 2842 Chaeronense,
562 2767 701 2828 160.
742 2769 916 2825 annis
942 2813 956 2839 ‚
1024 2770 1352 2828 continuos
1394 2767 1746 2850 triumphos

934 2856 975 2912 'I
1458 2856 1583 2917 Ath
1594 2881 1657 2918 e-

124 3065 185 3129 α)
223 3060 417 3181 ΑιΙὲἰῐέ.
451 3059 513 3113 L.
553 3058 635 3113 15.
678 3077 730 3129 p.
765 3056 886 3113 515.
952 3068 1003 3109 et
1061 3057 1181 3116 683.
1236 3059 1287 3126 b)
1329 3063 1550 3120 Strabo.
1593 3066 1655 3123 L.
1693 3066 1743 3121 8,

213 3151 267 3201 Ρ.
307 3162 316 3168 ’
342 3153 370 3181 O
414 3168 423 3178 ·
