2048 3786
538 243 1193 318 Spartanorum,
1529 263 1653 322 525

56 433 170 501 per
219 417 459 480 labores
494 444 786 484 manuum
839 448 1129 505 suarum,
1192 433 1298 493 sed
1347 458 1462 519 per
1507 457 1749 502 certum

0 561 2 566 .
53 527 245 587 genus
287 530 651 587 servorum,
691 534 796 572 seu
832 521 1286 600 mancipiorum
1324 522 1521 605 (quos
1558 530 1748 590 Helo-

52 608 141 654 tas
181 612 519 673 vocarunt,
566 599 587 679 )
629 601 931 663 colebant.
969 606 1137 666 Vera
1192 607 1339 669 haec
1387 617 1745 696 aequalitaS,

48 704 237 765 super
280 689 545 744 maxima
585 688 814 771 injuria
856 692 1226 756 Helotarum
1268 715 1401 759 erat
1460 702 1748 784 fundata3

51 792 194 829 nam
255 771 546 854 Spartani
596 778 780 836 simul
836 782 1088 856 40‚OOO.
1179 786 1523 867 perfectum
1564 816 1743 855 suum

51 860 249 919 otium
279 882 647 924 conservare
686 881 1017 948 poterant,
1085 888 1334 934 centum
1378 880 1571 939 millia
1612 884 1743 945 He-

10 963 11 1010 ζ
47 945 317 1006 lotarum
356 950 420 1007 in
463 948 819 1028 duriorem,
868 960 1444 1048 terribilioremque
1476 976 1742 1032 servitu-

10 1058 11 1063 ¹
49 1048 173 1094 tem
213 1034 636 1118 conjiciendo:
672 1047 970 1124 quoniam
1007 1065 1213 1110 autem
1245 1055 1595 1137 respublica
1621 1084 1738 1143 per

9 1159 11 1161 »
44 1124 434 1184 amissionem
474 1127 844 1190 Helotarum
890 1132 1047 1194 nihil
1081 1139 1394 1219 perderet,
1440 1168 1542 1205 eos
1574 1170 1741 1209 sum-

45 1233 148 1270 ma
184 1211 548 1275 crudelitate
574 1220 953 1299 tractabant3
995 1227 1120 1285 imo
1167 1227 1300 1310 lege
1333 1238 1738 1298 constitutum

47 1313 214 1374 erat3
260 1324 340 1362 ne
397 1304 736 1366 multitudo
795 1331 1048 1388 eorum,
1137 1315 1417 1378 libertati
1500 1327 1737 1385 civium

9 1388 385 1471 :periculosa
423 1392 672 1454 evadat:
709 1403 903 1479 quare
939 1402 1321 1466 increscente
1368 1410 1734 1475 Helotarum

40 1499 334 1553 numero,
357 1476 612 1561 juvenes
633 1484 923 1568 Spartani
943 1492 1258 1575 inopinate
1277 1497 1338 1553 in
1356 1519 1459 1558 eos
1485 1503 1733 1562 irruen-

39 1577 164 1640 teS‚
209 1565 486 1628 ferarum
520 1573 713 1631 instar
750 1597 1081 1638 numerum
1135 1584 1420 1646 minuere
1474 1610 1734 1652 consve-

38 1668 285 1714 verunt.
320 1654 626 1739 Adeoque
666 1683 902 1723 summa
943 1667 1398 1750 Spartanorum
1434 1676 1688 1738 libertas
1717 1728 1733 1754 ‚

35 1762 178 1801 cum
211 1764 448 1804 summa
487 1747 858 1812 Helotarum
890 1759 1191 1819 servitute
1223 1759 1343 1820 fuit
1380 1764 1730 1848 conjuncta,

33 1844 97 1890 et
139 1828 399 1893 felicitas
438 1857 782 1917 paucorum
807 1887 823 1914 ,
869 1863 1055 1927 super
1096 1847 1457 1914 infelicitate
1499 1856 1732 1916 multo-

32 1940 174 1977 rum
197 1918 509 1982 aedificata
549 1940 699 1986 erat.
747 1930 842 1990 Ne
877 1945 1080 1994 tamen
1109 1937 1397 2019 Spartani
1430 1965 1546 2024 per
1563 1966 1728 2003 sum-

31 2029 203 2066 mum
246 2011 444 2068 otium
484 2011 895 2096 degenerent,
954 2025 1288 2105 assignavit
1327 2031 1411 2087 eis
1445 2036 1730 2115 corporis

33 2099 520 2161 exercitationes.
569 2106 724 2163 Item
751 2105 826 2164 V.
873 2130 1051 2170 usum
1089 2117 1223 2174 auri
1268 2129 1330 2175 et
1355 2124 1595 2200 argenti
1620 2145 1729 2205 pe-

24 2186 194 2246 nitus
241 2187 505 2263 sustulit,
548 2188 817 2253 ferream
860 2214 1172 2260 monetam
1211 2202 1545 2266 admodum
1584 2232 1726 2292 gra-

7 2294 171 2331 ·vem
217 2274 606 2355 inducend03
651 2297 722 2342 ut
751 2286 839 2343 sic
883 2308 1136 2350 omnem
1181 2297 1481 2356 avaritiae
1527 2309 1722 2361 mate-

8 2362 182 2420 riam
217 2363 625 2427 subtraheret.
677 2370 787 2431 VI.
829 2373 1017 2436 Viros
1052 2401 1169 2460 per
1206 2381 1488 2443 sodalitia
1515 2387 1722 2469 publi—

7 2469 9 2474 ’
34 2469 102 2511 ca
125 2494 140 2521 ‚
163 2472 240 2510 ne
274 2454 525 2533 regibus
563 2458 816 2537 quidem
842 2470 1115 2547 exceptis
1140 2470 1376 2551 cpulari
1415 2473 1616 2553 jussit3
1656 2493 1724 2536 ut

28 2540 113 2595 sic
157 2537 407 2614 luxum,
448 2557 509 2601 et
530 2543 672 2604 inde
697 2569 1068 2630 promanare
1090 2556 1266 2616 solita
1307 2564 1453 2620 vitia
1498 2569 1721 2624 exstir-

27 2640 234 2707 paret:
268 2629 331 2685 in
369 2630 594 2710 quibus
633 2635 829 2717 epulis
871 2662 1121 2721 parum,
1169 2647 1273 2706 sed
1312 2651 1463 2711 utile
1503 2651 1722 2735 loque—

28 2713 291 2790 bantur,
328 2732 523 2800 utque
562 2740 914 2804 praesentes
972 2730 1043 2789 ad
1103 2733 1416 2797 silentium
1460 2740 1719 2803 adsvefi-

25 2817 238 2877 erent,
288 2827 442 2865 unus
493 2831 570 2868 ex
633 2815 983 2877 senioribus
1040 2822 1387 2886 exclamare
1448 2829 1718 2891 solebat:

23 2887 180 2948 nihil
219 2913 432 2952 eorum
477 2919 634 2978 quae
687 2897 785 2960 hic
835 2902 1133 2968 dicuntur
1184 2910 1333 2973 foris
1388 2920 1718 3000 propalare

8 2976 257 3038 =licebit.
305 2983 649 3065 Lycurgus
664 2988 828 3073 leges
865 3016 992 3055 non
1015 2996 1217 3062 literis
1246 3050 1261 3077 ,
1301 3005 1406 3063 sed
1441 3006 1715 3091 discipli-

10 3088 135 3127 nae
173 3068 519 3149 mandavit,
570 3078 631 3135 in
676 3077 914 3161 legibus
956 3090 1156 3159 enim,
1219 3115 1369 3175 quas
1406 3095 1510 3155 ille
1546 3100 1716 3156 Rhe-

701 3170 758 3226 X
803 3176 835 3230 2
1483 3197 1623 3243 tras
