2048 3786
536 203 1163 278 Aegyptiorum.
1530 204 1643 262 105

66 387 278 426 omnes
317 386 535 426 eorum
556 377 788 422 statuae
813 376 989 422 erant
1026 361 1280 444 rigidae,
1329 364 1460 422 sine
1481 368 1740 437 actione,
1796 407 1800 413 -

62 457 194 512 sine
240 453 578 515 affectione.
624 452 733 508 III.
782 452 1072 528 Religm,
1127 473 1282 532 quae
1320 473 1529 510 omnes
1562 456 1740 510 novi-

64 555 215 601 tates
256 539 618 612 interdixit,
668 537 806 600 ideo
840 540 1024 598 etiam
1069 538 1329 598 Medicis
1377 538 1494 595 alia
1539 538 1739 596 media

63 631 487 710 praescribere
522 629 786 687 vetitum
827 641 987 700 erat,
1036 649 1222 709 quam
1253 646 1409 707 quae
1437 628 1502 683 in
1546 627 1747 683 Sacris

66 738 285 776 eorum
329 717 507 775 libris
535 717 1046 788 continerentur3
1092 713 1235 774 hinc
1272 712 1619 774 Medicinae
1652 735 1752 771 ars

70 805 287 888 perfici
322 826 434 864 nec
476 806 713 886 potuit3
759 826 902 862 nam
933 802 1080 863 haec
1127 825 1380 886 quoque
1423 825 1539 876 am,
1569 803 1746 860 sicuti

71 895 404 977 Sapientia,
437 916 471 950 a
494 895 586 951 sui
618 894 806 974 ipsius
828 895 1185 973 cognitione
1223 893 1472 974 incipit:
1520 888 1751 950 Medici

71 998 274 1042 autem
324 977 786 1063 Aegyptiorum
831 984 923 1038 sui
957 983 1145 1063 ipsius
1190 980 1612 1063 cognitionem
1645 977 1751 1035 ha-

73 1069 221 1130 bere
263 1091 391 1129 non
429 1083 804 1151 potuerunt,
867 1073 1015 1151 quia
1074 1068 1240 1130 nefas
1294 1082 1427 1129 erat
1473 1065 1751 1125 homines

73 1160 479 1218 anatomisare
505 1204 520 1232 ,
568 1180 763 1239 quum
799 1157 1183 1217 crediderint
1216 1161 1447 1216 animas
1479 1177 1750 1238 eousque

73 1244 421 1307 inhabitare
452 1268 697 1327 corpus,
745 1245 942 1306 donec
973 1246 1125 1305 illud
1156 1249 1591 1329 incorruptum
1611 1267 1754 1327 per—

69 1337 257 1394 sistat.
307 1336 412 1394 IV.
466 1338 809 1410 Wlipensio
834 1339 1167 1412 artcflczcm,
1215 1358 1425 1394 omnes
1446 1337 1612 1393 enim
1654 1357 1755 1390 ar—

75 1420 266 1484 tifices
301 1445 444 1482 cum
478 1422 607 1481 aliis
645 1421 969 1505 opificibus
1015 1422 1091 1482 ad
1138 1447 1326 1482 unam
1377 1437 1753 1482 contemtum

72 1511 326 1572 classem
378 1510 854 1595 rejiciebantur,
902 1513 1012 1570 ubi
1037 1527 1240 1573 tamen
1284 1511 1475 1570 honos
1517 1511 1628 1569 alit
1657 1534 1755 1567 ar—

77 1614 179 1658 tes.
231 1602 304 1658 V.
364 1603 1059 1676 Lexfundamentalis7
1125 1599 1294 1679 'juxta
1341 1623 1531 1681 quam
1590 1615 1753 1658 totus

76 1688 339 1770 populus
376 1692 438 1746 in
469 1702 664 1748 certas
697 1704 765 1746 ut
791 1689 1052 1748 vidimus
1096 1689 1323 1748 Classes
1355 1687 1758 1748 hereditarias

71 1776 489 1851 fuitdivisus‚
521 1798 596 1836 ex
631 1799 895 1858 quarum
943 1801 1064 1836 una
1116 1800 1242 1836 non
1278 1778 1454 1836 licuit
1493 1779 1759 1835 transire

75 1865 151 1923 ad
198 1866 413 1939 aliam,
460 1865 628 1923 unde
657 1865 862 1925 nullus
893 1865 1144 1948 aliquod
1179 1881 1422 1924 rectum
1458 1869 1621 1924 ‘vitae
1658 1887 1763 1946 ge—

77 1976 189 2012 nus
220 2001 234 2027 ,
284 1954 360 2012 ad
403 1954 572 2036 quod
615 1955 961 2015 naturalem
1005 1953 1473 2013 inclinationem
1516 1953 1762 2012 habuis-

75 2057 203 2117 set,
252 2043 483 2124 eligere
533 2045 751 2126 potuit.
814 2044 950 2102 Hoc
974 2046 1231 2102 noxium
1252 2043 1601 2100 institutum
1635 2056 1767 2102 erat

77 2130 252 2190 ideo:
306 2135 452 2213 quia
488 2134 736 2213 Regum
767 2136 1002 2191 animos
1047 2130 1378 2191 vehemens
1432 2146 1627 2192 metus
1666 2152 1760 2189 oc-

76 2221 373 2302 cupabat,
420 2243 497 2282 ne
521 2221 860 2303 aliquando
889 2243 1135 2280 morum
1168 2222 1430 2278 mutatio
1468 2245 1581 2305 per
1623 2219 1770 2279 tales

80 2311 94 2368 i
106 2308 297 2369 nduca
306 2325 426 2369 tur.

237 2480 529 2539 Ceterum
567 2493 707 2561 post
739 2491 1006 2536 mortem
1030 2475 1373 2532 Alexandri
1410 2473 1497 2527 M.
1548 2468 1769 2540 denuo,

87 2579 150 2624 et
182 2567 444 2645 amplius
476 2566 701 2626 florere
739 2568 950 2648 coepit
970 2564 1295 2645 Aegyptus
1313 2560 1425 2620 sub
1459 2560 1635 2618 novis
1676 2577 1771 2613 re—

85 2653 264 2734 gibus
307 2654 711 2730 Ptolomaeis3
760 2657 924 2713 inter
980 2673 1134 2734 quos
1170 2654 1575 2729 Ptolomaeus
1622 2646 1772 2700 Plu·-

87 2744 409 2818 laslelplzas
438 2743 851 2803 Scientiarum
867 2756 927 2800 et
950 2744 1178 2799 artium
1196 2740 1500 2796 maximus
1520 2751 1773 2817 promo-

85 2843 186 2888 tor
226 2844 387 2906 erat3
434 2829 563 2911 ejus
612 2833 779 2889 enim
826 2828 1072 2886 indultu
1129 2822 1576 2885 Alexandriam
1611 2820 1775 2899 regi-

85 2939 183 2974 am
230 2918 501 3000 Aegypti
535 2918 792 2992 urbem,
843 2932 1160 2999 tamquam
1195 2913 1270 2971 ad
1308 2934 1527 2972 verum
1568 2911 1774 2967 Musa-

85 3028 227 3068 rum
257 3005 644 3067 domicilium
663 3006 926 3069 artifices
957 3027 1024 3065 ac
1070 3004 1333 3064 Literati
1359 2997 1771 3066 confluebant,

1619 3099 1686 3143 ut
