2048 3786
586 203 1174 286 IIehraeorzcm.
1569 230 1649 290 97

209 411 355 470 Post
415 408 724 470 excidium
798 407 1475 489 Hierosolymitanum,
1536 431 1585 467 a.
1634 407 1741 469 Ch.

56 499 196 558 115.
244 498 360 557 sub
408 501 464 555 T
459 500 690 572 rajano
713 497 1103 580 Imperatore
1128 494 1347 554 Judaei
1372 497 1602 554 iterum
1647 511 1746 556 tu—

44 587 337 646 multuari
382 597 765 665 coeperunt,
825 605 896 643 ac
948 583 1100 642 dum
1145 585 1316 642 omni
1364 582 1750 644 crudelitatis

47 695 278 755 genere
342 677 405 730 in
456 673 725 733 Graecos
774 695 890 755 per
944 670 1302 754 Aegyptum
1341 684 1404 731 et
1467 673 1747 754 Cyprum

45 774 489 844 grassarentur,
537 783 570 816 a
604 762 851 818 Martio
897 762 1184 819 Turbone
1220 780 1439 840 magna
1471 759 1645 821 clade
1682 775 1747 821 et

44 873 258 910 rerum
288 870 537 908 suarum
579 845 810 927 jactura
853 850 1192 931 compressi
1213 861 1370 906 sunt.
1415 850 1482 928 a)
1529 846 1586 906 A
1614 870 1743 930 quo

47 953 332 1020 tempore
371 936 660 995 manabat
701 939 945 1019 sangvis
988 949 1050 996 et
1079 938 1276 995 sanies
1303 958 1337 995 e
1372 936 1744 997 vulneribus

47 1025 428 1085 Judaeorum
466 1022 656 1084 adeo:
706 1038 776 1084 ut
811 1048 862 1083 a.
903 1022 1010 1083 Ch.
1066 1026 1204 1084 154.
1248 1023 1364 1083 sub
1399 1028 1745 1083 Hadriano

45 1116 198 1197 Imp.
248 1113 657 1173 denuo'arma
690 1126 1039 1188 sumerent,
1102 1115 1450 1196 aegerrime
1480 1112 1748 1174 ferentes

46 1225 173 1262 non
211 1216 454 1260 tantum
486 1200 711 1259 urbem
754 1216 1028 1261 sanctam
1074 1225 1108 1260 a
1147 1201 1383 1262 colonis
1428 1202 1746 1262 Romano-

48 1313 190 1349 rum
224 1290 369 1349 illuc
407 1289 722 1364 deductis,
773 1312 939 1350 novo
966 1292 1221 1350 nomine
1256 1293 1509 1348 Aeliam
1556 1293 1747 1366 Capi-

44 1382 304 1437 tolinam
348 1380 591 1453 vocari,
656 1377 761 1438 sed
824 1380 1077 1463 insuper
1138 1381 1202 1436 in
1264 1400 1373 1450 e0‚
1409 1378 1518 1438 ubi
1568 1393 1748 1439 antea

45 1467 380 1550 Templum
410 1468 523 1526 Dei
566 1467 764 1525 stabat
798 1465 955 1539 loco,
1002 1487 1169 1525 nunc
1212 1467 1449 1525 Fanum
1491 1464 1749 1526 honori-

52 1556 167 1615 bus
217 1557 391 1616 Jovis
442 1557 713 1637 positum
777 1577 903 1615 esse
949 1568 1314 1628 cernerent,
1359 1568 1747 1638 quapropter

45 1644 280 1704 bellum
320 1647 600 1703 omnium
639 1646 1092 1703 atrocissimum
1138 1642 1295 1703 duce
1333 1645 1748 1701 Barcae-keba

46 1734 478 1805 concitarunt,
527 1746 744 1790 contra
779 1754 934 1813 quos
967 1735 1358 1791 Hadrianus
1405 1730 1746 1791 celeberri-

47 1843 179 1880 mos
228 1821 373 1880 belli
410 1824 858 1902 ImperatoreS,
909 1822 1056 1879 item
1101 1822 1340 1877 Jalium
1382 1821 1678 1877 Severum
1714 1842 1747 1878 e

47 1910 361 1991 Britannia
390 1909 695 1982 evocavit,
731 1924 764 1965 a
805 1908 1036 1990 quibus
1059 1907 1497 1988 Hierosolyma
1541 1908 1748 1968 denuo

47 2012 256 2081 capta,
305 1999 340 2056 J
347 1997 521 2056 udaei
564 2018 715 2056 vero
740 1995 818 2055 ad
856 1998 1347 2057 internecionem
1376 1994 1564 2057 deleti
1586 2009 1746 2055 sunt.

47 2087 182 2146 Hoc
220 2088 282 2144 in
319 2085 482 2147 bello
522 2088 652 2142 Dio
685 2085 934 2145 scribit:
1005 2098 1256 2168 praeter
1310 2083 1749 2145 innumerabi-

51 2174 172 2234 lem
211 2176 273 2255 b)
319 2172 783 2234 multitudinem
808 2220 824 2249 ,
861 2196 1047 2257 quam
1087 2172 1308 2246 fameS,
1358 2173 1617 2233 morbus
1640 2187 1749 2230 aut

49 2262 403 2324 incendium
440 2264 816 2338 consumsit,
883 2284 1053 2322 caesa
1093 2261 1278 2321 fuisse
1329 2263 1472 2322 580.
1507 2260 1749 2336 millia3

49 2350 328 2435 adeoque
367 2351 476 2411 hac
517 2351 864 2414 calamitate
888 2349 1290 2418 Judaeafere
1328 2364 1458 2411 tota
1495 2353 1561 2410 in
1598 2348 1748 2411 soli-

46 2439 326 2503 tudinem
377 2441 625 2502 redacta
667 2454 775 2501 est.
868 2440 931 2499 Α·
973 2463 1102 2524 quo
1170 2455 1455 2523 tempore
1498 2439 1751 2499 Judaeis

51 2528 550 2610 Hierosolymam
591 2528 765 2590 adire
809 2530 925 2589 sub
968 2551 1170 2613 poena
1222 2531 1444 2588 mortis
1486 2530 1751 2590 vetitum

51 2615 185 2675 fuit.
235 2618 497 2677 Interim
549 2640 624 2677 ex
668 2618 916 2699 speciali
980 2616 1261 2691 indultu,
1308 2638 1435 2677 uno
1480 2630 1752 2700 quotan-

51 2706 145 2765 nis
178 2701 299 2780 die,
344 2705 595 2786 lugendi
637 2709 831 2787 gratia
874 2705 1047 2766 adire
1082 2725 1440 2767 concessum
1477 2720 1613 2766 erat
1637 2752 1652 2780 ‚
1691 2705 1750 2785 c)

863 2794 919 2850 G
1600 2797 1663 2852 in

119 2948 177 3010 a)
209 2943 481 3029 'Eusebius
515 2944 654 3037 Hist.
712 2943 863 3024 Eccl.
902 2943 965 2995 L.
1003 2940 1056 3000 4.
1088 2941 1408 3022 Tillemont.
1434 2939 1570 2993 Hist..
1607 2941 1743 3013 Imp.

209 3012 1029 3136 {aasz{ragas-
1079 3010 1753 3153 &0550342133331132

207 3164 392 3207 contra
434 3155 661 3207 ‚Iudaeos
697 3156 905 3227 Gregor
955 3154 1176 3209 Nazian.
1216 3153 1368 3210 Orat.
1405 3151 1488 3207 12.
1525 3170 1678 3225 seqq.
