2048 3786
343 153 464 212 156
955 159 1367 215 Historia

228 350 299 393 ut
337 358 414 394 ex
461 339 885 414 Theophrasti
920 336 1285 423 Philosophi
1324 340 1390 418 a)
1463 353 1524 398 et
1575 341 1947 415 Theopompi

225 423 501 484 adventu
558 428 801 486 clarum
836 427 921 487 fit.
971 426 1032 488 A
1104 429 1520 503 Philadelpho
1578 430 1748 487 enim
1799 451 1951 511 rege

223 514 472 574 condita
507 515 627 576 fuit
653 517 1070 578 celeberrima
1104 516 1537 579 Alexandrina
1596 516 1949 578 Bibliothe-

222 625 322 678 ca,
371 628 532 687 quae
573 608 692 666 sub
747 607 878 690 ejus
928 608 1387 669 successoribus
1429 606 1585 667 adeo
1625 610 1951 683 excrevit,

221 709 292 751 ut
327 698 552 777 septies
588 711 849 757 centena
890 697 1088 757 millia
1131 697 1531 757 voluminum
1565 698 1944 757 contineret.

228 787 521 843 Varrone
546 800 699 847 teste
733 809 806 847 eo
853 801 1139 870 tempore
1174 811 1302 870 quo
1342 784 1734 846 Alexandria
1758 785 1949 845 condi

219 876 458 955 coepit,
510 877 800 936 inventus
840 891 930 936 est
961 900 1104 936 usus
1138 880 1362 962 papyri
1414 876 1693 959 plantae,
1746 899 1946 958 quam

219 961 492 1042 plantam
536 989 654 1023 una
687 987 832 1024 cum
865 966 1115 1025 calamis
1175 959 1586 1050 Memphitica
1638 965 1820 1025 tellus
1880 967 1942 1024 in

224 1051 514 1134 Aegypto
539 1054 615 1113 ad
665 1054 878 1113 Nilum
922 1055 1234 1139 producit:
1274 1071 1336 1116 et
1367 1071 1629 1139 propter
1667 1076 1950 1114 commo-

222 1139 479 1200 ditatem
528 1142 659 1224 ejus
702 1166 844 1202 usus
880 1167 912 1201 a
949 1147 1193 1203 cunctis
1229 1146 1652 1228 scriptoribus
1690 1144 1949 1228 adopta-

221 1230 443 1305 batur3
492 1230 635 1291 binc
691 1235 880 1292 etiam
918 1231 1105 1295 hodie
1144 1231 1427 1293 chartam
1470 1257 1594 1316 qua
1654 1237 1900 1293 utimur
1928 1279 1943 1307 ,

219 1323 444 1401 passim
479 1344 789 1406 papyrum
821 1322 1222 1406 appellamus.
1278 1325 1695 1407 Ante'papyri
1722 1325 1948 1383 inven—

223 1412 458 1470 tionem
522 1414 587 1471 in
635 1435 751 1471 usu
808 1428 991 1472 erant
1054 1412 1435 1497 pugillares5
1518 1435 1625 1472 seu
1682 1411 1949 1472 tabellae

216 1520 358 1558 cera
409 1500 753 1577 obductae,
806 1503 1037 1584 quibus
1077 1504 1295 1563 literae
1355 1501 1531 1583 Stylo
1579 1501 1948 1562 scribeban-

216 1602 320 1646 tur
350 1615 364 1666 3
412 1612 594 1675 saepe
615 1594 803 1651 etiam
831 1595 892 1651 in
921 1593 1236 1652 laterculis
1256 1640 1270 1667 7
1321 1607 1428 1651 aut
1455 1591 1801 1654 corticibus
1843 1615 1949 1649 ar-

217 1677 450 1739 borum
510 1685 915 1764 scripserunt.
992 1682 1298 1743 Similiter
1371 1684 1557 1741 etiam
1621 1678 1944 1762 Bithyniae

215 1790 329 1827 rex
376 1772 682 1829 Eumenes
724 1775 1271 1833 instructissimam
1294 1769 1746 1832 Bibliothecam
1788 1771 1943 1830 Per—

213 1861 377 1937 gami
420 1863 708 1921 instituit.
736 1862 834 1934 'Et
902 1866 1203 1944 quoniam
1257 1862 1556 1945 Aegyptii
1614 1882 1826 1943 regeS‚
1873 1872 1981 1929 ut,

215 1949 678 2010 incrementum
743 1949 1021 2033 ejusdem
1065 1949 1492 2012 Bibliothecae
1535 1948 1899 2011 inhiberent
1926 1995 1942 2023 ,

213 2041 566 2122 papyrique
590 2045 1097 2124 exportationem
1121 2039 1534 2127 prohiberent
1559 2065 1573 2117 3
1623 2040 1765 2100 ideo
1805 2041 1943 2096 Ea-

215 2151 416 2185 menes
438 2153 551 2190 rex
591 2129 769 2213 jussit
804 2130 1000 2190 libros
1036 2155 1112 2192 ex
1161 2131 1280 2191 alia
1312 2129 1526 2190 charta
1561 2127 1740 2207 fieri3
1782 2151 1941 2212 qua-

217 2217 301 2277 les
338 2221 487 2300 quia
526 2222 590 2278 in
656 2221 834 2280 Urbe
874 2222 1224 2282 Pernamoo
1274 2219 1775 2299 conficerentur3
1830 2216 1940 2278 de-

217 2309 427 2392 inceps
464 2306 693 2371 Charta
730 2268 1111 2394 Pergamena
1148 2311 1313 2372 dicta
1347 2325 1454 2372 est.

1643 2738 1820 2831 Ca·

277 2996 339 3071 a)
378 2997 536 3067 Diog.
582 2998 764 3051 La'e‘rt.
804 2998 872 3053 L.
907 2997 955 3051 5.
992 3016 1038 3050 e.
1073 2994 1159 3053 78.
1199 2997 1413 3054 Aelian.
1446 2997 1568 3051 Var.
1600 2998 1742 3054 Hist.
1787 2999 1852 3055 L.
1873 2999 1931 3060 3.

368 3090 414 3122 e.
450 3068 531 3141 17.
607 3068 661 3142 b)
702 3070 952 3126 phonas.
991 3070 1048 3122 in
1087 3069 1232 3126 Bibl.
1268 3089 1312 3122 c·
1352 3067 1476 3126 176.
1508 3089 1570 3142 Ρ.
1610 3067 1733 3125 392.
