2048 3786
319 164 457 224 „1⁴64
896 166 1316 237 Historia

216 344 599 430 magnitudo
635 348 1031 431 potissimum
1062 349 1267 409 crevit
1301 343 1738 407 Edomitarum
1784 347 1959 405 exci-

234 436 358 499 dio.
407 439 556 497 Post
605 440 873 513 Hiram,
927 437 1296 499 undecimus
1355 457 1469 497 rex
1528 434 1957 495 memorabilis

237 541 375 589 erat
445 528 866 605 Pygmalion,
936 530 1050 610 qui
1109 529 1343 588 sororis
1389 546 1533 585 suae
1580 526 1801 582 Elisae
1847 545 1954 584 seu

239 620 516 677 Didonis
535 618 837 675 maritum
867 618 1204 676 Sic-haeum
1227 615 1460 678 occidit
1499 611 1671 674 ideo:
1721 626 1795 671 ut
1823 610 1960 695 ejus

150 780 153 783 v
236 704 632 789 amplissimis
656 703 962 766 thesauris
996 708 1351 791 potiretur3
1399 702 1575 787 cujus
1603 701 1793 763 caede
1836 716 1963 762 ter-

241 798 367 857 rita
415 797 624 870 Dido,
669 817 821 855 mox
850 798 1208 856 convasatis
1253 797 1378 855 suis
1414 792 1756 868 thesauris,
1801 813 1966 851 asso-

241 886 548 967 ciatisque
596 884 716 947 sibi
765 887 980 967 paucis
1023 885 1308 963 subditis,
1346 888 1411 944 in
1462 881 1743 942 Africam
1786 882 1966 940 navi-

246 975 435 1060 gavit:
456 972 564 1032 uhi
588 975 667 1034 ab
688 975 951 1032 Hiarba
975 976 1450 1036 Maurusiorum
1481 972 1703 1056 regulo
1742 991 1966 1053 agrum

243 1061 886 1146 mercata,oppidum
940 1063 1259 1139 condidit,
1326 1061 1498 1146 quod
1533 1064 1743 1146 primo
1783 1062 1968 1138 Byr-

242 1175 383 1213 sam
428 1152 614 1231 (arcis
656 1153 916 1232 nomen)
960 1151 1109 1213 dein
1148 1156 1606 1232 Carthaginem
1639 1163 1965 1212 voca-runt.

253 1267 304 1302 a.
343 1256 488 1309 ante
523 1238 634 1301 Ch.
688 1242 833 1303 868.
882 1242 950 1322 a)
997 1241 1165 1303 unde
1217 1264 1403 1303 error
1449 1243 1722 1320 Virgilii
1749 1253 1969 1323 patet,
2036 1253 2043 1262 ¹

254 1333 368 1417 qui
410 1333 731 1389 Didonem
763 1333 1011 1390 Aeneae
1034 1330 1182 1392 facit
1213 1330 1560 1414 aequalem,
1607 1328 1721 1388 ubi
1757 1343 1967 1389 tamen

248 1445 320 1485 ea
355 1422 651 1483 tercentis
685 1418 818 1481 fere
837 1423 1015 1482 annis
1042 1434 1255 1505 postea
1277 1423 1458 1480 vixit.
1507 1420 1804 1480 Ceterum
1829 1432 1972 1502 post

249 1509 399 1573 haec
441 1508 644 1571 libere
670 1524 893 1570 vexata
931 1512 1316 1595 subactaque
1353 1509 1475 1570 fuit
1510 1506 1849 1570 Phoenicia
1888 1507 1970 1567 ab

250 1600 656 1683 Assyriorum
701 1614 765 1660 et
813 1599 1314 1683 Babyloniorum
1358 1598 1646 1684 regibUS,
1695 1620 1972 1680 quorum

251 1714 368 1753 rex
402 1690 997 1768 Nabuchodonosor,
1015 1690 1249 1753 Sidone
1269 1690 1393 1776 jam
1421 1711 1658 1764 eversa,
1706 1688 1969 1770 Tyrum,

253 1802 518 1865 quoque
565 1780 751 1863 longa
779 1781 875 1842 15.
897 1805 1208 1842 annorum
1240 1780 1567 1843 obsidione
1591 1800 1817 1862 capere
1842 1800 1973 1838 non

250 1869 483 1945 valens,
532 1868 866 1951 interjecto
894 1884 1203 1955 tempore,
1254 1894 1383 1956 quo
1419 1868 1787 1930 insolentiae
1829 1890 1973 1930 suae

254 1979 484 2045 poenas
522 1957 916 2043 persolveret
952 1961 1124 2037 Rex,
1173 1961 1427 2024 tandem
1461 1959 1706 2041 Tyrum
1741 1979 1970 2041 magno

251 2049 470 2110 furore
493 2049 864 2111 subvertita.
945 2065 1089 2112 ante
1119 2048 1225 2111 Ch.
1279 2052 1423 2113 535.
1475 2048 1723 2110 Incolae
1748 2069 1980 2109 conva-

252 2141 398 2200 satis
430 2137 620 2199 rebus
659 2139 955 2200 omnibus
986 2143 1052 2199 in
1100 2143 1372 2201 vicinam
1432 2139 1698 2198 insulam
1743 2138 1976 2221 elapsi,

256 2227 496 2289 ibidem
576 2250 807 2289 novam
857 2229 1101 2311 Tyrum
1162 2229 1601 2291 condiderunt.
1692 2227 1979 2311 Antiqua

260 2320 450 2381 etiam
498 2331 811 2380 resturata
847 2319 1083 2380 tardius
1111 2368 1126 2396 ,
1175 2335 1237 2382 et
1268 2320 1632 2399 Palaetyrus
1668 2340 1776 2378 seu
1815 2321 1979 2378 anti-

255 2432 384 2495 qua
428 2408 637 2491 Tyrus
670 2411 988 2470 nominata
1032 2425 1139 2471 est.
1192 2411 1294 2470 Sic
1336 2410 1563 2472 sensim
1608 2410 1834 2469 assveti
1876 2432 1987 2469 ex-

1766 2513 1895 2559 ter-

335 2688 395 2760 a)
433 2687 682 2740 Petavius
713 2686 935 2740 Ration.
975 2684 1241 2758 Tempor.
1273 2688 1337 2742 P.
1360 2688 1401 2739 I.
1439 2687 1507 2742 L.
1547 2685 1597 2740 2.
1637 2707 1680 2740 c.
1722 2685 1772 2740 4.
1811 2706 1867 2759 p.
1895 2686 1981 2743 76.

344 2771 351 2773 ⁴
425 2760 634 2810 Verum
670 2778 736 2810 ex
770 2757 908 2810 Tab.
945 2757 1153 2811 Chron.
1185 2778 1276 2830 ap.
1333 2758 1566 2828 Lenglet
1601 2757 1676 2810 du
1702 2759 1946 2829 Fresnoy
1967 2798 1981 2820 ,

429 2831 695 2882 statuitur
722 2828 1114 2898 Carthaginem
1159 2850 1185 2880 a
1220 2830 1430 2882 Didone
1448 2839 1665 2881 tantum
1704 2839 1981 2882 restaurw

423 2913 556 2964 tam,
596 2911 651 2952 et
685 2901 1161 2958 illustratam.Sed
1182 2903 1378 2971 Pagius
1398 2902 1456 2954 in
1494 2902 1775 2971 Apparatu
1802 2901 1986 2952 Chro--

423 2973 539 3026 nol.
577 2973 651 3028 N.
685 2971 771 3025 27.
813 2974 1004 3026 asserit
1048 2974 1433 3044 Carthaginem
1468 2972 1527 3024 in
1556 2970 1742 3025 Africa
1779 2992 1824 3025 a.
1858 2969 1983 3026 144.

422 3054 548 3115 post
583 3044 900 3096 inchoatum
922 3063 960 3095 a·
989 3044 1283 3098 Salomone
1306 3043 1578 3117 templum
1620 3043 1801 3116 primo
1854 3042 1993 3097 suis-

421 3134 476 3167 se
509 3115 787 3169 conditam
823 3135 850 3168 a
888 3116 1121 3173 Didone,
