2048 3786
665 176 1146 231 Per-sarum.
1558 170 1678 231 251

85 350 231 411 dein
250 374 399 413 vero
427 373 574 412 cura
593 348 829 434 publici
861 350 1273 430 Magistratus,
1304 347 1380 408 ad
1402 350 1768 432 vigesimum.

87 461 285 520 usque
322 462 553 499 annum
590 436 838 522 publice
872 436 1257 497 docebantur
1293 436 1573 519 equitare
1597 483 1614 511 ,
1679 458 1773 496 sa-

91 529 259 608 gittis
280 527 568 611 jaculari,
614 539 678 586 et
699 547 849 586 vera
866 524 1056 607 loqui.
1089 525 1382 585 Parentes
1405 539 1611 585 tamen
1632 527 1775 607 qui-

83 614 198 674 bus
238 616 555 677 liberalior
579 613 860 674 educatio
904 611 1082 673 cordi
1120 625 1290 686 erat,
1337 609 1494 672 filios
1534 633 1673 671 suos
1692 610 1771 670 ad

81 704 340 784 Regiam
374 703 575 764 aulam
604 704 851 762 mittere
890 699 1206 774 solebant3
1256 700 1365 758 ubi
1404 698 1675 780 justitiae
1706 714 1768 760 et

82 793 526 875 temperantiae
582 793 930 873 praeceptis
989 788 1252 871 amplius
1306 786 1767 847 imbuebantur.

80 878 318 938 Mirum
347 892 552 940 tamen
586 892 707 954 est,
754 881 848 939 rei
884 874 1121 938 navalis
1138 897 1318 936 usum
1338 921 1356 951 ,
1404 873 1550 937 inde
1589 878 1772 959 apri*

80 968 196 1025 mis
245 988 463 1026 eorum
501 967 889 1051 temporibus
911 1012 928 1042 ,
973 986 1170 1047 usque
1201 963 1603 1024 adfnostram
1640 963 1774 1024 fere

80 1068 373 1130 aetatem,
437 1057 502 1115 in
549 1069 717 1115 tanta
758 1054 1041 1114 locorum
1080 1055 1547 1136 oportunitate,
1608 1054 1775 1113 inter

80 1155 275 1201 tantas
300 1146 648 1203 occasiones
668 1190 683 1217 ,
723 1145 787 1201 in
811 1158 933 1202 tam
963 1140 1283 1225 splendida
1316 1155 1499 1223 gente
1532 1140 1779 1199 nullum

76 1252 354 1312 unquam
398 1231 599 1292 fuisse.
648 1233 1037 1296 Persicarum
1060 1231 1460 1290 scientiarum
1499 1243 1625 1289 tam
1680 1251 1774 1288 sa·-

73 1339 325 1377 crarum
369 1342 556 1402 quam
599 1319 1002 1404 profanarum
1048 1332 1431 1401 restaurator
1478 1315 1600 1377 fuit
1629 1320 1779 1376 Da-

77 1410 165 1464 rii
187 1410 583 1484 Ilistaspidis
603 1409 990 1492 temporibus
1039 1410 1378 1466 Zoroaster
1397 1404 1600 1466 Archi
1639 1405 1777 1467 Ma-

76 1516 189 1578 gus
243 1494 580 1557 vaferrimo
615 1499 866 1580 ingenio
892 1494 1249 1580 praeditus;
1294 1496 1390 1555 sui
1437 1508 1647 1555 tamen
1671 1515 1773 1557 se-

71 1582 198 1643 culi
221 1583 300 1642 ab
325 1583 677 1650 eruditione
709 1586 1246 1647 celebratissimus.
1296 1583 1364 1663 a)
1400 1583 1514 1642 Cui
1559 1582 1774 1643 diver-

71 1674 124 1732 si
163 1671 313 1731 libri
360 1673 768 1752 tribuuntur3
816 1696 973 1757 quos
1025 1676 1089 1732 in
1129 1671 1466 1736 solitudine
1500 1671 1775 1732 conscri-

71 1773 318 1843 pserat3
367 1762 533 1824 inter
575 1785 730 1844 quos
770 1766 1045 1846 primum
1090 1762 1294 1825 locum
1358 1774 1531 1821 tenet
1574 1760 1774 1820 Liber

70 1851 558 1924 Zencla-Vesca,
606 1853 671 1909 in
701 1852 845 1910 XII.
880 1852 1107 1912 Tomos
1152 1849 1419 1925 divisus,
1466 1848 1629 1907 liber
1667 1845 1772 1908 hic

66 1957 311 2019 semper
346 1958 464 2019 pro
512 1936 728 1999 divino
764 1937 1148 2013 habebatur,
1199 1939 1499 2021 quoniam
1550 1934 1773 1994 funda-

65 2032 274 2084 menta
319 2023 670 2106 religionis,
727 2041 919 2111 prout
958 2041 1021 2087 et
1078 2025 1343 2086 moralia
1377 2027 1689 2109 principia
1706 2026 1773 2084 in

67 2135 142 2173 eo
186 2115 680 2178 continerentur.
750 2115 1246 2178 Celebrabantur
1296 2113 1448 2174 olim
1489 2127 1551 2174 et
1605 2116 1771 2173 Ora-

63 2205 207 2259 cala
248 2204 644 2280 ZoroastriS,
709 2206 1004 2287 quoniam
1040 2202 1203 2287 apud
1241 2202 1591 2262 Platonicos
1628 2224 1770 2262 ma-

62 2311 255 2371 gnum
277 2311 505 2354 nomen
536 2308 714 2353 erant
729 2308 1075 2371 consecuta,
1100 2315 1373 2376 quorum
1411 2304 1618 2351 tamen
1641 2290 1771 2350 fra-

63 2394 308 2459 gmenta
347 2377 681 2443 hodiedum
713 2385 1044 2458 exstantia,
1082 2382 1280 2441 liceta
1316 2380 1509 2441 variis
1552 2380 1765 2441 erudi-

64 2469 144 2525 tis
179 2470 304 2528 sint
341 2466 538 2544 edita,
586 2484 789 2532 tamen
825 2473 1141 2555 supposita
1181 2492 1308 2531 esse
1363 2471 1424 2550 b)
1450 2466 1768 2531 videntur.

62 2587 148 2601 --·
216 2559 539 2618 Praeterea
584 2580 842 2642 magnus
917 2557 1356 2642 Philosophiae
1433 2571 1765 2643 promotor

1553 2660 1688 2709 erat

136 2832 197 2906 a)
236 2833 453 2885 Solinus
488 2836 544 2886 in
579 2834 763 2890 Polih.
800 2854 847 2890 c.
890 2831 939 2888 1.
973 2833 1237 2890 Brucker.
1279 2835 1423 2891 Hist.
1458 2834 1761 2914 Crit.Pail.

225 2903 858 3044 {12fl1.·,ff⁴01{155·12{21.{·s
873 2902 1759 3031 ⁹12afflsse85‘ff13.⁶}f‚³i2‘2‘3¹315¹3;„¹ff¹3:

226 3043 617 3186 {itff‘fflpi'effl‘
655 3046 912 3099 Brucker.
952 3045 1088 3098 Hist.
1121 3045 1257 3098 Cril.
1286 3044 1433 3102 Phil.
1492 3046 1560 3099 T.
1614 3044 1657 3098 1.
1697 3044 1764 3100 L.
