2048 3786
577 198 1195 255 IIebraeorum.
1577 200 1662 264 99

66 358 291 416 sensim
316 356 598 418 scientias
623 355 976 437 pervenisse
1000 379 1016 431 3
1061 353 1227 415 unde
1248 375 1432 415 error
1463 356 1759 418 Biblian-

64 448 228 502 darii
267 447 332 526 a)
380 458 576 527 patet:
629 444 738 523 qui
777 457 1098 503 auctorem
1154 440 1481 502 literarum
1515 446 1757 504 Mosem

58 530 245 594 fuisse
304 534 532 592 statuit.
592 531 887 589 Ceterum
920 529 1304 590 admittimus
1338 529 1547 591 literas
1580 555 1615 589 a
1648 535 1759 591 Jo-

67 623 254 695 sepho
291 623 590 691 inventaS‚
609 615 716 676 sed
736 639 849 700 per
878 619 1118 676 Mosem
1150 617 1415 700 amplius
1443 633 1758 680 correctas

60 707 277 782 fuisse,
325 709 623 790 quoniam
669 706 878 764 Moses
919 707 985 764 in
1018 705 1628 789 omniAegptiorum
1661 728 1757 768 sa-

63 798 300 877 pientia
323 799 445 854 rite
467 793 803 852 instructus
842 806 993 868 erat,
1037 794 1099 872 b)
1163 796 1274 876 qui
1304 796 1490 854 etiam
1513 792 1590 855 de
1622 796 1757 877 pri-

56 905 160 943 mo
202 884 419 942 mundi
460 895 623 940 statu
660 882 907 964 scripsit
939 881 1017 940 V.
1063 881 1309 956 Libros,
1355 883 1448 940 uti
1480 881 1759 962 Genesi8‚

60 970 294 1049 Exodi,
341 971 608 1033 Levitici
632 1013 649 1043 ,
696 968 1123 1030 Numerorum
1148 983 1211 1030 et
1246 970 1748 1049 Deuteronomii‚

62 1060 173 1140 qui
215 1061 396 1119 simul
438 1082 472 1117 a
511 1058 764 1118 Graecis
800 1059 1263 1116 Pentatlzezccus
1298 1072 1577 1118 vocatur.
1620 1061 1755 1122 He·—

53 1147 230 1207 braei
276 1149 620 1230 generatim
663 1145 1083 1229 agriculturae
1135 1159 1316 1207 erant
1362 1145 1603 1223 dediti,
1648 1148 1757 1210 sed

56 1256 172 1295 nec
202 1234 489 1298 liberales
522 1248 688 1294 artes
738 1233 1080 1316 neglexisse
1112 1233 1428 1310 videntur,
1473 1258 1617 1296 nam
1650 1260 1753 1297 ar·-

54 1320 468 1385 chitecturam
506 1324 858 1381 Salomonis
907 1337 1192 1406 tempore
1223 1322 1505 1384 floruisse
1529 1369 1545 1396 ‚
1590 1338 1758 1385 stru-

54 1426 231 1471 ctura
251 1413 466 1497 templi
492 1412 634 1471 satis
654 1408 836 1471 docet
852 1434 869 1486 3
913 1413 1007 1470 uti
1039 1425 1102 1472 et
1122 1414 1280 1486 auri,
1303 1413 1565 1494 argenti,
1586 1435 1757 1475 mer-

55 1503 349 1583 ciumque
391 1516 748 1562 exterarum
790 1500 1004 1582 copia,
1053 1522 1177 1582 qua
1214 1502 1496 1558 Davidis
1534 1514 1598 1561 et
1630 1504 1753 1560 Sa-

51 1592 308 1647 lomonis
344 1586 731 1672 temporibus
762 1587 1105 1648 Palaestina
1147 1585 1522 1664 abundabat,
1570 1592 1754 1649 navi-

50 1679 314 1755 gationis
364 1681 532 1739 enim
593 1689 742 1735 tunc
797 1679 1096 1759 temporis
1153 1677 1516 1759 peritissimi
1571 1690 1755 1738 erant

49 1763 365 1841 Hebraei,
414 1786 570 1848 quos
615 1765 801 1824 etiam
860 1763 1286 1824 Historiarum
1328 1762 1600 1825 cultores
1633 1789 1751 1826 ex-

50 1854 274 1913 stitisse
299 1854 502 1936 palam
534 1865 840 1912 testantur
857 1866 1265 1912 monumenta
1287 1851 1603 1912 Historica
1619 1851 1752 1913 Ve-

53 1942 201 2001 teris
251 1941 650 2003 Testamenti.
697 1941 1168 2001 DavidPsaltes
1187 1941 1245 2020 c)
1293 1943 1598 2023 egregius,
1632 1944 1753 1999 Sa-

53 2033 251 2087 lomon
297 2053 449 2092 vero
489 2024 1011 2109 Philosophorum
1043 2030 1545 2112 sapientissimus,
1592 2030 1751 2090 Pro-

47 2118 418 2179 verbiorum
450 2134 513 2181 et
550 2115 948 2192 Ecclesiastis,
994 2117 1406 2199 aliorumque,
1432 2121 1544 2200 qui
1581 2119 1751 2203 peri-

48 2222 279 2266 verunt
314 2209 626 2270 librorum
657 2206 947 2287 scriptor,
991 2208 1053 2264 in
1071 2205 1410 2267 Academia
1445 2206 1748 2268 Hieroso-

46 2292 342 2374 lymitana
368 2320 554 2382 quam
598 2295 728 2376 ipse
767 2292 1138 2355 fundaverat
1172 2295 1365 2355 bonas
1399 2310 1560 2357 artes
1597 2317 1750 2379 pro-

46 2380 371 2445 fitebatur:
422 2391 503 2467 d)
549 2381 723 2466 cujus
748 2383 1036 2467 exemplo
1064 2384 1265 2466 Reges
1302 2385 1489 2445 etiam
1526 2384 1631 2443 alii
1654 2405 1747 2444 sa-

48 2473 317 2553 pientiae
374 2474 740 2542 studebant,
787 2471 1036 2555 sibique
1069 2488 1289 2532 mutuo
1337 2495 1453 2556 per
1512 2472 1744 2555 legatos

47 2564 439 2637 quaestiones
480 2577 542 2623 et
581 2558 970 2643 problemata
1027 2561 1500 2645 proponebant,
1546 2575 1618 2621 ut
1662 2559 1742 2621 de

47 2647 293 2705 Hiram
331 2664 395 2710 et
444 2652 684 2733 Regina
750 2650 915 2708 Saba
948 2651 1004 2729 e)
1050 2648 1258 2731 legere
1311 2663 1417 2711 est.
1463 2649 1743 2710 Medicos

866 2737 924 2794 G
975 2743 1008 2798 2
1462 2741 1649 2798 etiam

41 2813 356 2834 ——n-

117 2898 179 2955 a)
217 2895 283 2948 de
318 2897 542 2951 honesta
582 2899 967 2972 disciplina.L.
1011 2901 1089 2956 17.
1182 2901 1236 2970 b)
1275 2905 1396 2957 Act.
1416 2902 1732 2978 Apostolor.

204 2987 250 3019 c·
293 2966 339 3020 7.
379 2988 428 3020 v.
467 2968 554 3022 22.
630 2975 681 3037 c)
723 2972 883 3026 L.²2.
921 2973 1052 3044 Reg.
1109 2993 1155 3026 c.
1194 2973 1283 3028 23.
1315 2994 1368 3027 v.
1406 2972 1452 3028 1.
1527 2975 1584 3040 d)
1629 2977 1738 3029 Pe·-

199 3037 345 3090 neda
379 3038 443 3090 de
478 3040 638 3093 rebus
675 3042 998 3095 Salomonis.
1073 3046 1126 3113 e)
1166 3045 1225 3097 L.
1262 3043 1311 3097 3.
1337 3045 1469 3116 Reg.
1492 3065 1538 3098 c.
1577 3045 1656 3099 10.
1679 3066 1731 3100 v.

203 3107 249 3163 1.
287 3126 434 3182 seqq.
477 3111 825 3168 Plutarchus
842 3114 901 3168 in
935 3115 1227 3188 Symposio
1247 3115 1359 3170 VII.
1398 3117 1727 3189 sapientum.
