2048 3786
342 163 465 224 218
851 163 1300 227 Historia

249 328 346 386 xit
382 347 646 404 uxoreS‚
705 323 857 388 duas
907 324 1062 387 filias
1121 325 1278 402 Cyri
1302 369 1319 400 ,
1366 335 1428 384 et
1478 320 1672 383 filiam
1726 327 1955 385 Otanis

245 415 600 499 Principis3
647 418 759 500 qui
793 438 910 500 per
956 436 1130 475 suam
1155 411 1382 488 filiam,
1423 434 1463 474 e
1500 411 1745 474 desecta
1781 414 1951 497 Magi

248 505 530 564 auricula
552 503 838 567 fraudem
860 503 1119 565 detexit.
1142 503 1282 575 Quo
1313 499 1477 562 fac-to
1502 515 1744 585 septem
1764 503 1950 562 Prin-

245 594 415 677 cipes
441 595 665 656 Persae
703 596 858 654 inita
889 592 1355 677 conjuratione,
1405 593 1713 650 Smerdim
1752 594 1819 650 in
1851 614 1954 653 re-

243 684 346 764 gia
383 685 858 768 interceperunt
880 728 896 759 ‚
945 696 1009 744 et
1041 694 1182 765 post
1211 695 1449 765 septem
1481 682 1791 742 mensium
1837 682 1956 741 im-

242 774 496 856 perium
511 772 923 847 trucidarunt,
945 771 1011 854 a)
1037 769 1492 855 consiliumque
1511 772 1918 831 instituerunt
1939 793 1960 851 3

248 881 398 933 eum
442 861 682 944 Regem
723 861 993 924 electum
1040 860 1157 934 iri,¹
1191 856 1366 943 cujus
1408 882 1606 943 equus
1640 861 1847 943 primo
1883 861 1950 919 in

240 963 473 1009 statuto
515 951 656 1011 loco
692 964 756 1012 et
790 964 1095 1034 tempore,
1133 944 1389 1008 hinnitu
1426 970 1537 1009 suo
1572 950 1767 1010 solem
1806 948 1954 1009 ado-

239 1039 481 1099 raverit
498 1061 513 1113 3
559 1039 732 1122 quod
757 1037 908 1097 dum
937 1040 1192 1097 Darius
1221 1039 1561 1115 fflsta.spis
1585 1040 1644 1120 b)
1682 1053 1820 1102 arte
1843 1062 1955 1097 au-

238 1129 414 1211 rigae
451 1126 752 1190 effecisset
776 1173 793 1204 ‚
839 1148 989 1185 mox
1027 1126 1166 1186 Rex
1216 1124 1444 1187 electus
1477 1141 1592 1187 est.

402 1218 512 1276 111.
561 1220 817 1275 Darius
860 1216 1233 1290 Histaspis‚
1275 1217 1491 1274 occ-isis
1540 1218 1654 1299 qui
1683 1234 1950 1295 regnum

237 1306 598 1368 invaserant
634 1307 867 1388 Magis,
930 1305 1168 1386 regiam
1211 1300 1581 1386 dignitatem
1631 1316 1798 1363 sorte
1835 1301 1952 1361 ob-

237 1397 465 1469 tinens,
499 1409 572 1455 ut
603 1399 727 1456 suis
766 1395 949 1454 initio
982 1393 1191 1452 statim
1212 1390 1697 1453 amoderatione
1734 1404 1798 1451 et
1823 1390 1949 1452 cle-

237 1487 475 1545 mentia
508 1483 1096 1557 commendaretur,
1135 1502 1285 1541 mox
1315 1482 1555 1542 tributa
1601 1485 1667 1541 in
1701 1494 1947 1541 certum

238 1573 531 1635 ordinem
563 1577 841 1657 redegit,
878 1573 937 1654 c)
985 1570 1289 1631 fratribus
1334 1573 1762 1656 principatum
1798 1591 1951 1629 con-

234 1662 491 1741 cedem,
538 1663 789 1725 Judaeis
824 1683 1080 1747 quoque
1139 1660 1481 1721 secundum
1540 1673 1856 1744 acceptam
1915 1681 1952 1717 a

250 1756 420 1832 Cyro
467 1767 838 1838 potestatem
883 1749 1101 1835 templi
1141 1749 1533 1811 restaurandi
1594 1749 1946 1811 facultatem

233 1847 572 1922 concessit3
619 1845 731 1926 qui
784 1844 975 1903 etiam
1027 1861 1183 1923 opus
1235 1839 1654 1924 perfecerunt.
1715 1838 1780 1918 cl)
1803 1837 1948 1897 Non

234 1931 436 1993 multo
468 1947 609 2018 post
631 1931 1020 2014 Babylonem
1057 1932 1156 1989 20.
1188 1930 1504 1989 mensibus
1536 1944 1786 1989 strenue
1830 1926 1947 1987 ob-

236 2042 482 2097 sessam,
525 2044 642 2106 per
677 2024 997 2099 Zopyrum
1036 2016 1259 2079 ducem
1315 2018 1739 2080 fidelissimum
1778 2016 1946 2076 obti-

233 2112 393 2171 nuit.
442 2111 499 2192 e)
546 2108 980 2172 Memorabilis
1005 2121 1097 2168 est
1135 2104 1235 2166 hic
1262 2111 1519 2168 Darius
1537 2112 1583 2168 I.
1629 2130 1739 2170 co:
1770 2104 1943 2189 quod

234 2222 466 2260 novam
493 2200 740 2282 Regum
760 2201 1089 2260 Persarum
1111 2196 1388 2282 Stirpem
1426 2201 1492 2258 in
1544 2213 1672 2260 tam
1707 2209 1945 2257 vastam

232 2287 668 2349 Monarchiam
708 2285 1059 2349 inchoando
1091 2284 1446 2363 induxerit,
1507 2289 1806 2349 continua
1845 2306 1940 2346 se·-

235 2380 330 2439 rie
368 2393 510 2462 post
551 2376 660 2438 hac
681 2398 1114 2441 successuram.
1164 2375 1243 2434 II.
1290 2377 1685 2439 Memoratur
1708 2399 1742 2434 a
1775 2374 1937 2457 dup-

229 2466 419 2552 plici,
461 2491 658 2553 eaque
680 2468 917 2531 celebri
968 2462 1371 2551 expeditione
1426 2481 1647 2529 contra
1679 2461 1937 2547 Scythas

1785 2569 1850 2617 et

306 2752 369 2816 a)
408 2748 675 2802 Herodot.
713 2750 778 2805 L.
811 2748 908 2805 cit.
942 2747 1145 2806 Justin.
1161 2749 1222 2800 L.
1249 2746 1297 2803 1.
1315 2768 1362 2802 c.
1401 2747 1455 2806 9.
1492 2747 1695 2800 Ctesias
1729 2746 1936 2800 discre-

389 2830 508 2889 pat.
582 2819 635 2887 b)
675 2821 950 2876 Herodot.
995 2820 1058 2873 L.
1093 2819 1143 2873 3.
1180 2821 1380 2876 Justin.
1418 2821 1480 2873 L.
1518 2832 1569 2875 1.
1608 2839 1654 2874 c.
1688 2818 1777 2874 10.
1814 2818 1928 2869 Va-

383 2893 489 2946 ler.
520 2893 662 2944 Max,
696 2893 762 2948 L.
805 2891 852 2944 7.
892 2911 938 2943 c.
975 2890 1023 2943 3.
1061 2891 1383 2961 Polyaenus,
1420 2892 1478 2942 L.
1533 2889 1581 2943 7.
1621 2910 1672 2942 c·
1717 2888 1802 2946 10.
1877 2890 1929 2954 c)

385 2962 658 3017 Hei-odor.
695 2963 756 3015 L.
792 2961 841 3014 3.
884 2983 930 3018 c.
968 2960 1054 3016 89.
1095 2963 1234 3016 ΡΙὶη.
1273 2965 1339 3018 L.
1371 2960 1457 3016 35.
1489 2983 1536 3018 e.
1572 2960 1660 3014 11.
1736 2961 1794 3028 d)
1827 2963 1926 3014 Es-

385 3034 532 3088 drae.
570 3053 616 3085 c.
656 3033 707 3086 6.
747 3053 799 3087 v.
836 3033 888 3086 1.
919 3053 1071 3107 seqq.
1146 3035 1198 3107 e)
1238 3034 1501 3090 Herodot.
1537 3034 1678 3092 L.3.
1712 3053 1762 3086 c.
1802 3027 1927 3087 151.

383 3122 533 3177 seqq.
565 3105 761 3158 Justin.
802 3106 866 3164 L.
910 3102 993 3158 10.
