2048 3786
371 200 491 260 112
908 203 1302 259 Historia

435 385 483 465 ᾗ.
550 385 606 452 4,
679 386 909 444 Status
965 385 1142 458 belli,
1192 395 1253 441 et
1307 383 1616 439 memoria
1674 384 1983 441 Virorum

269 475 658 552 Principum.
702 477 1023 533 Nembrod
1047 471 1234 533 homo
1259 471 1663 546 ambiciosuS,
1696 492 1839 530 cum
1859 494 1989 530 ma-

270 586 389 647 gna
442 567 758 625 sociorum
832 585 1024 623 manu
1077 560 1387 623 desertam
1425 561 1652 622 urbem
1702 561 1986 642 Babylon

270 651 697 728 reaedificanS,
739 654 1016 738 primum
1058 652 1125 712 in
1156 653 1332 714 Orbe
1380 673 1645 734 regnum
1685 649 1987 726 condidit,

271 756 336 805 et
375 743 455 802 ab
503 742 634 827 ejus
657 756 884 816 morte,
930 740 1174 824 filiique
1213 743 1371 801 Nini
1396 743 1578 802 initio
1602 742 1826 823 passim
1848 741 1991 801 Mo-

266 830 592 893 narchiam
625 831 1024 915 Assyriacam
1048 829 1364 907 inchoant,
1413 833 1480 912 a)
1528 834 1738 889 Ninus
1773 826 1873 890 hic
1895 853 1992 890 se·-

265 920 408 983 dem
469 923 721 1005 imperii
772 919 850 980 ad
897 922 1177 982 Niniven
1238 922 1661 1003 transposuit,
1711 923 1986 1003 primus-

265 1034 391 1095 que
439 1013 691 1095 imperii
735 1013 830 1070 sui
870 1009 1171 1071 dilatandi
1211 1032 1390 1072 causa
1429 1009 1593 1071 bella
1633 1031 1776 1069 cum
1812 1023 1987 1070 exte—

263 1103 353 1160 ris
398 1098 685 1161 habuisse
709 1100 770 1180 b)
816 1098 1056 1176 fertur,
1093 1098 1348 1160 subacta
1375 1103 1543 1160 enim
1573 1099 1722 1159 Asia
1745 1146 1761 1176 ,
1780 1096 1990 1160 ¹etiam

262 1189 628 1250 Bactrianos
683 1211 809 1247 una
850 1209 996 1248 cum
1031 1211 1253 1249 eorum
1294 1211 1444 1271 rege
1490 1192 1836 1248 Zoroastre
1877 1188 1990 1248 do-

261 1280 426 1337 muit
447 1277 711 1338 consilio
751 1278 1145 1360 potissimum
1184 1281 1643 1353 Semiramidis,
1691 1301 1854 1360 quae
1879 1301 1989 1337 cu-

262 1366 503 1452 jusdam
546 1366 759 1428 bellici
799 1365 1107 1428 Praefecti
1127 1389 1292 1428 uxor
1330 1381 1496 1443 erat,
1542 1381 1606 1427 et
1644 1382 1855 1451 postca
1895 1371 1992 1450 ip-

260 1480 391 1517 sam
453 1479 566 1518 suo
627 1453 814 1516 thoro
866 1453 1196 1539 junxerat,
1263 1456 1368 1516 sed
1413 1454 1789 1532 infeliciter,
1845 1481 1990 1518 nam

260 1547 447 1608 brevi
497 1549 630 1607 sive
666 1543 890 1606 fraude
936 1549 1154 1606 uxoris
1203 1549 1682 1621 Semiramidis,
1730 1548 1788 1628 c)
1855 1549 1985 1608 sive

262 1639 329 1695 in
374 1634 697 1722 cujusdam
720 1634 975 1696 rebellis
1000 1635 1178 1695 urbis
1202 1637 1269 1716 α’)
1319 1639 1815 1720 oppugnatione,
1853 1635 1979 1696 telo

262 1729 420 1787 ictus
455 1726 789 1803 occubuit3
836 1739 979 1809 post
1001 1722 1178 1808 cujus
1203 1725 1453 1785 obitum
1483 1728 1857 1785 Semiramis
1879 1728 1978 1786 42.

260 1819 438 1877 annis
473 1819 539 1875 in
580 1816 792 1877 locum
845 1812 960 1874 filii
1021 1816 1363 1898 imperium
1418 1817 1657 1892 tenuit,
1704 1815 1761 1896 e)
1810 1813 1979 1898 quod

259 1905 409 1966 dein
452 1928 580 1966 non
624 1919 869 1964 tantum
930 1904 1277 1964 multarum
1303 1905 1777 1988 provinciarum
1811 1903 1974 1987 adje-

257 1997 468 2056 ctione
495 2041 510 2071 ,
549 1993 655 2056 sed
698 1995 886 2055 etiam
917 1993 1082 2054 urbe
1133 1994 1450 2076 Babylone
1489 1993 1868 2079 amplificata
1893 1996 1979 2074 f)

261 2085 450 2168 longe
497 2082 885 2164 splendidius
931 2081 1226 2144 reddidit.
1291 2085 1490 2156 Quam
1525 2082 1782 2145 tandem
1816 2086 1983 2142 occi-

261 2173 357 2233 dit
393 2171 556 2233 filius
605 2171 737 2255 ejus
780 2175 1056 2251 Ninyas,
1090 2176 1202 2256 qui
1241 2172 1493 2232 mollius
1525 2196 1558 2232 a
1595 2187 1794 2233 matre
1831 2172 1983 2234 edu-

265 2278 459 2338 catus,
495 2262 576 2321 ab
617 2277 1084 2323 antecessorum
1114 2261 1458 2323 virtutibus
1491 2261 1844 2338 deflectens,
1886 2264 1983 2321 vi-

264 2369 393 2414 tam
437 2355 503 2412 in
542 2351 782 2414 deliciis
815 2351 1034 2428 duxit,
1081 2375 1481 2436 regnumque
1529 2374 1646 2438 per
1677 2375 1983 2413 summam

264 2441 621 2503 socordiam
659 2444 867 2505 tenuit
891 2488 907 2518 ,
958 2465 1105 2504 raro
1142 2446 1310 2504 visus
1334 2488 1349 2517 ,
1400 2444 1566 2505 inter
1588 2465 1805 2525 greges
1848 2441 1982 2524 pel-

262 2532 455 2594 licum
490 2533 836 2611 consenuit3
884 2554 1077 2617 quem
1112 2554 1359 2595 morem
1385 2530 1464 2592 ad
1480 2529 1769 2620 posteros
1790 2533 1980 2593 etiam

1721 2634 1894 2681 trans

331 2794 392 2869 a)
435 2798 628 2849 Castor
659 2794 949 2848 Rhodius-
975 2795 1129 2865 cujus
1168 2793 1473 2862 fragmenta
1494 2794 1642 2868 apud
1672 2794 1974 2848 Eusebium

426 2877 575 2923 sunt.
650 2864 704 2939 b)
745 2867 907 2923 Diod.
943 2866 1114 2922 Sicul.
1152 2866 1218 2922 L.
1254 2867 1305 2921 2.
1357 2888 1402 2923 e.
1450 2866 1495 2920 1.
1552 2868 1798 2920 Justinus
1828 2866 1888 2919 L.
1922 2864 1976 2920 1.

422 2961 470 2994 c.
518 2937 562 2993 1.
637 2938 692 3009 o)
735 2939 1005 2990 Aelianus,
1044 2938 1183 2989 Hist.
1238 2939 1418 2990 variae
1475 2940 1533 2990 L.
1569 2937 1618 2992 7.
1656 2958 1704 2993 c.
1748 2937 1801 2993 1.
1910 2936 1976 3006 d)

418 3012 670 3065 Orosius,
705 3011 766 3061 L.
793 3007 840 3061 1.
878 3030 922 3062 c.
957 3007 1009 3061 4.
1086 3007 1141 3078 e)
1201 3010 1361 3063 Diod.
1406 3010 1570 3062 Sicul.
1611 3010 1673 3060 L.
1734 3008 1781 3061 2.
1843 3029 1886 3059 c.
1924 3008 1976 3059 6.

419 3082 689 3136 Justinus.
734 3082 793 3132 L.
823 3079 866 3132 1.
903 3102 946 3132 e.
987 3079 1037 3132 2.
1100 3076 1165 3152 f)
1208 3081 1528 3139 ideni.ibid.
1562 3080 1977 3135 Hei-od0t115.L.

427 3152 474 3206 1.
515 3151 675 3206 Diod.
715 3152 822 3209 Sic.
857 3153 918 3206 L.
951 3150 1000 3204 2.
1043 3173 1087 3205 c.
1126 3151 1207 3206 21.
