2048 3786
96 1169 250 1240 (lae
287 1168 1151 1269 Antiqtiitatispelago
1180 1168 1602 1265 palinuro,
1641 1195 1833 1242 con-

74 1271 642 1369 fidentissime
697 1298 870 1344 non
927 1295 1249 1365 sperem
1339 1298 1389 1341 a
1444 1287 1619 1343 tam
1698 1271 1850 1345 Po-

103 1387 378 1455 tente3
427 1387 762 1471 tamque
798 1372 1278 1443 Literaram
1325 1387 1409 1444 et
1436 1374 1850 1445 Literato-

102 1500 286 1543 ram
311 1489 651 1544 amante
693 1475 1058 1545 Patrono
1087 1475 1116 1541 !
1185 1472 1376 1575 Qut,
1412 1479 1631 1545 sicat
1654 1472 1852 1545 San-

98 1589 321 1647 ctam
374 1575 916 1672 Religionem
960 1573 1074 1644 acl
1119 1592 1487 1647 mentem
1525 1575 1853 1646 Funda-

104 1682 306 1748 toris
342 1692 825 1749 constanter
862 1679 1158 1747 asseris
1181 1704 1209 1756 3
1266 1676 1647 1748 Auream
1681 1677 1850 1747 Na-

103 1781 350 1849 tionis
415 1779 879 1878 Hangarae
956 1776 1436 1849 libertatem
1477 1780 1852 1877 sortiter

104 1884 402 1961 tueris3
471 1905 769 1976 pacem
848 1878 1572 1950 Fidelissimoram
1626 1880 1854 1948 Han-

99 2006 509 2076 garoram
555 1981 1287 2076 providentissime
1363 1980 1854 2052 conservas!

103 2086 227 2151 ita
282 2085 540 2152 etiam
614 2081 869 2156 bonas
938 2082 1231 2159 Artes,
1308 2080 1851 2174 Clarissimas-

110 2210 264 2282 qae
308 2182 713 2256 Scientias
752 2185 906 2255 alis
941 2183 1428 2265 liberaliter,
1485 2187 1691 2252 vitia
1731 2209 1860 2276 ve<

109 2309 205 2356 ro
264 2301 352 2357 et
381 2311 685 2381 pravos
740 2311 1040 2368 mores,
1096 2310 1208 2355 ex
1258 2283 1601 2355 Urbibus
1636 2300 1722 2355 et
1756 2287 1862 2355 vi-

108 2390 223 2456 cis
281 2413 380 2460 eo
439 2413 594 2485 qao
645 2386 1174 2459 desideratur
1208 2385 1455 2458 modo
1516 2385 1863 2481 expellis

113 2487 538 2574 audacter,
593 2489 930 2560 demam
965 2486 1188 2586 qaod
1214 2501 1541 2558 rectam
1598 2503 1689 2557 et
1719 2487 1860 2557 lto-

107 2606 434 2659 nestam
491 2606 654 2674 est,
694 2604 1137 2686 praestare
1193 2587 1843 2660 handintermit-

110 2696 212 2759 tis
263 2696 698 2782 sapienter.
804 2690 1133 2762 Idcirco
1182 2688 1870 2763 CELSISSIME

111 2790 713 2864 PRINCEPS!
768 2796 1163 2891 qnoniam
1186 2817 1338 2887 pro
1394 2789 1666 2890 Officii
1694 2794 1867 2861 mei

104 2897 430 2964 ratione
481 2911 570 2965 et
648 2897 1274 2990 exspectatione
1291 2921 1321 2976 >⁶
1375 2898 1595 2964 seria
1654 2897 1861 2964 item

104 2993 640 3067 Iuventatem
671 2995 1261 3070 Academicam
1286 2993 1645 3093 juvandi
1681 3007 1857 3065 sta-

107 3089 285 3172 dio,
362 3098 830 3170 auxiliante
919 3096 1169 3170 ΠΕΟ
1244 3121 1552 3169 novam
1621 3095 1856 3266 Iinas

1709 3222 1765 3264 ι-
