2048 3786
571 159 1225 231 Spartanorum.
1554 158 1677 220 529

79 332 234 398 duce
258 334 596 394 Marclonio
614 336 968 417 superavit:
1017 356 1215 417 quare
1231 336 1596 399 continuato
1620 339 1772 398 Per-

75 427 202 484 sico
264 421 472 498 bello,
538 422 736 483 adhuc
797 444 1033 481 summa
1067 422 1218 483 belli
1267 438 1534 505 potestas
1585 447 1773 509 penes

77 536 221 572 eum
259 516 517 588 mansit,
565 510 671 571 sed
708 511 814 570 ubi
848 513 1204 570 Pausanias
1220 512 1511 594 superbia
1545 534 1651 571 sua
1676 536 1776 572 so-

73 604 317 660 ciorum
354 603 592 659 animos
635 598 1008 674 offendisset,
1059 602 1187 660 imo
1227 613 1410 682 capto
1456 601 1770 681 ByzantiO,

68 711 220 759 ,cum
259 690 460 749 Persis
498 686 739 747 occulta
796 688 1051 747 consilia
1098 685 1176 748 de
1212 686 1538 771 prodendo
1580 687 1776 750 Grae-

73 798 293 836 corum
330 778 611 837 exercitu
636 821 651 850 ,
700 797 807 857 spe
848 778 1219 858 nuptiarum
1256 777 1574 853 inivisset3
1620 776 1773 837 adeo

78 865 415 948 Spartanos
453 888 484 923 a
518 885 579 923 se
631 863 962 924 alienavit:
1011 878 1083 923 ut
1131 863 1389 926 domum
1434 880 1781 940 revocatuS,

77 953 152 1013 de
191 953 422 1014 scelere
455 953 810 1027 convictUS,
860 953 1080 1035 capitis
1121 975 1389 1039 poenam
1425 954 1509 1015 ob
1546 956 1783 1038 patriae

76 1040 502 1124 proditionem
535 1041 747 1102 subire
766 1056 1114 1124 cogeretur.
1161 1044 1229 1124 a)
1248 1041 1437 1126 Cujus
1467 1041 1605 1103 loco
1631 1041 1783 1103 belli

75 1129 203 1189 dux
241 1144 461 1190 contra
504 1131 718 1191 Persas
753 1129 981 1190 electus
1021 1144 1113 1191 est
1172 1133 1421 1206 Cimon,
1469 1133 1579 1214 qui
1609 1153 1776 1190 sum-

79 1242 251 1277 mum
276 1219 578 1279 Graeciae
620 1221 955 1301 imperium
977 1243 1009 1277 a
1054 1221 1380 1304 Spartanis
1404 1218 1481 1279 ad
1518 1216 1784 1281 Atheni-

82 1330 255 1368 enses
290 1305 558 1368 feliciter
591 1307 890 1366 tanstulit.
939 1308 1104 1367 Hinc
1142 1308 1479 1391 Spartanos
1511 1309 1676 1370 inter
1722 1324 1785 1371 et

73 1394 480 1456 Athenienses
509 1395 760 1456 'multae
808 1396 1201 1458 velitationes
1228 1444 1244 1474 ,
1306 1400 1434 1459 imo
1469 1399 1781 1459 atrocissi-

71 1505 321 1543 morum
366 1484 679 1544 bellorum
714 1498 852 1543 orta
912 1500 1055 1545 sunt
1089 1487 1296 1562 initia,
1341 1500 1413 1546 ut
1465 1487 1531 1546 in
1571 1485 1780 1547 rebel-

81 1574 248 1634 lione
297 1571 626 1634 POtidaeae
663 1571 988 1635 manifeste
1028 1576 1332 1658 apparuit.
1380 1580 1542 1641 Nam
1590 1575 1782 1659 Spar-

84 1665 214 1729 tani
262 1661 444 1724 brevi
497 1675 638 1745 post
680 1660 837 1721 duce
889 1665 1230 1740 Lysandro
1266 1662 1545 1723 validum
1590 1659 1786 1726 Athe-

85 1754 396 1812 niensium
459 1753 523 1808 in
569 1747 835 1812 Thracia
904 1754 1251 1812 exercitum
1293 1773 1371 1814 ex
1433 1753 1780 1836 improviso

80 1841 383 1923 aggressi,
430 1861 559 1898 non
590 1837 781 1898 modo
827 1840 1277 1923 profligarunt3
1330 1839 1437 1902 sed
1476 1854 1540 1902 et
1580 1837 1779 1902 Athe-

76 1951 183 1987 nas
222 1925 674 2011 expugnando,
724 1930 925 2010 ipsum
970 1932 1156 1988 etiam
1202 1930 1531 1990 Persarum
1565 1949 1780 2008 regem

76 2019 312 2098 magnis
348 2015 757 2074 incommodis
800 2037 943 2074 cum
1000 2020 1300 2096 Agesilao
1339 2018 1513 2100 Rege
1558 2016 1780 2079 affece-

80 2120 244 2165 runt.
338 2102 577 2176 Quibus
624 2105 689 2161 in
741 2104 1038 2186 periculis
1094 2126 1241 2166 mox
1288 2104 1368 2166 ab
1416 2107 1783 2166 Artaxerxe

82 2195 291 2268 Persa,
326 2192 779 2251 Plzarnabasus
799 2208 861 2253 et
893 2197 950 2252 T
944 2195 1391 2271 hissaplzernes
1422 2216 1564 2256 cum
1580 2193 1781 2255 valida

80 2283 479 2367 expeditione
519 2279 595 2339 ad
636 2279 820 2343 Asiae
869 2285 1157 2366 regiones
1210 2281 1512 2368 pacandas
1543 2283 1781 2344 dimissi

81 2386 260 2448 sunt,
309 2368 479 2453 quod
525 2369 783 2452 planum
815 2371 1038 2431 Graeci
1071 2372 1329 2433 Asiatici
1371 2371 1783 2447 advertenteS,

86 2460 541 2543 Spartanorum
584 2459 886 2518 auxilium
925 2461 1375 2545 implorarunt,
1438 2463 1549 2546 qui
1597 2463 1782 2522 etiam

87 2550 537 2627 Dercyllz'clam
579 2545 801 2607 ducem
831 2569 975 2607 cum
1012 2551 1208 2632 copiis
1231 2563 1449 2611 contra
1488 2551 1783 2610 Pharna-

84 2638 302 2697 basum
340 2634 812 2720 expediverunt.
879 2638 1019 2721 Ipse
1057 2659 1211 2699 vero
1256 2640 1594 2718 Agesilaus
1637 2638 1696 2720 b)
1722 2640 1785 2699 in.

1547 2725 1693 2789 Asia

162 2870 222 2942 a)
260 2872 428 2928 idem.
465 2872 604 2929 ibid.
638 2893 689 2945 p.
740 2873 862 2928 265.
906 2873 1161 2948 Thucyd.
1203 2876 1267 2930 L.
1311 2874 1359 2930 1.
1399 2895 1447 2930 ο.
1480 2873 1600 2930 129.
1638 2895 1786 2950 seqq.

258 2943 334 2993 De
373 2944 624 3013 Agesilao
668 2945 1086 3014 Spartanorum,
1123 2957 1176 2999 et
1230 2947 1451 3017 Conone
1498 2948 1784 3001 Persarum

250 3012 499 3071 ducibus,
518 3015 641 3065 vide
663 3016 887 3069 Diodor.
910 3017 1000 3069 sic.
1023 3019 1088 3071 L.
1113 3017 1166 3076 4.
1202 3037 1246 3071 ι.
1279 3015 1364 3074 80,
1401 3035 1548 3090 seqq.
1571 3019 1787 3073 Cornel.

251 3085 447 3155 Nepos
467 3086 520 3135 in
540 3084 757 3137 Conone
779 3097 831 3140 et
856 3089 1121 3156 Agesilao,
1141 3087 1250 3141 Just
1267 3088 1337 3140 in.
1362 3089 1421 3142 L.
1444 3087 1502 3147 6.
1524 3108 1568 3141 c.
1593 3086 1647 3146 1.
1668 3106 1782 3162 seq.
