2048 3786
506 183 1181 240 zlclieniensiam.
1554 189 1675 248 285

89 381 220 436 res,
257 360 615 443 Sculptores
640 407 656 436 ,
694 383 970 444 quorum
1005 362 1406 422 inimitabilia
1442 387 1631 448 opera
1665 390 1778 453 po-

86 451 327 510 steritas
358 447 556 510 adhuc
597 448 832 510 admira
844 464 958 509 tur.

540 648 612 737 C
653 683 703 735 a
733 684 793 772 p
838 687 898 737 u
937 670 976 736 t
1082 649 1382 746 XVII.

336 841 746 904 HISTORIA
814 841 1479 905 ATHENIENSIUM.

83 1042 130 1120 ᾗ.
186 1042 235 1100 1.
281 976 679 1106 Statistieo
748 1039 1188 1117 Geograpl‘ziea
1232 1043 1415 1098 notio,
1481 1040 1770 1122 Regnum

81 1132 488 1203 Atheniense,
538 1129 721 1186 initio
757 1129 1040 1186 Atticam
1074 1128 1174 1189 vel
1231 1132 1463 1187 Hellen
1499 1128 1735 1188 dictum
1757 1175 1774 1203 ,

84 1218 320 1278 tardius
354 1219 609 1292 Aeliaja
650 1215 1007 1275 vocabatur.
1055 1218 1345 1300 Regnum
1370 1215 1486 1277 hoc
1524 1219 1603 1277 ab
1629 1219 1775 1277 Ori-

81 1322 223 1367 ente
255 1330 426 1366 mare
464 1305 780 1386 Aegeum,
820 1303 897 1362 ad
916 1305 1243 1379 meridiem
1274 1306 1774 1389 Peloponnesum

85 1393 284 1456 habet.
306 1395 472 1455 Olim
491 1395 777 1475 regiones
796 1395 932 1452 sinu
950 1415 1059 1454 suo
1076 1395 1623 1479 complectebatur,
1639 1419 1674 1452 a
1693 1397 1779 1453 ci·-

83 1486 380 1543 vitatibus
428 1484 818 1564 potissimum
873 1485 1219 1542 nominatas
1300 1483 1775 1559 celeberrimas,

84 1575 210 1632 uti:
259 1575 561 1645 Atticam,
600 1573 950 1645 Boeotiam,
988 1575 1338 1647 Plioeiclem,
1369 1575 1776 1646 Locrensem,

83 1664 425 1733 Doridem,
470 1659 797 1717 Aetoliam.
844 1664 889 1718 Ι.
956 1659 1031 1718 In
1064 1663 1285 1719 Attica
1324 1660 1520 1721 sterili
1574 1674 1637 1720 et
1677 1660 1782 1720 sil-

90 1771 231 1808 vosa
255 1751 512 1830 regione
542 1747 693 1806 urbs
709 1749 1007 1830 primaria
1031 1747 1150 1807 fuit
1174 1751 1420 1806 Athene
1459 1772 1566 1808 seu
1606 1771 1778 1808 com-

82 1837 381 1920 pendium
407 1836 719 1895 Graeciae.
770 1837 836 1917 a)
883 1838 1042 1896 Item
1082 1839 1438 1895 Marathon
1460 1860 1493 1894 a
1527 1840 1783 1894 Miltia-

81 1929 179 1983 dis
225 1926 492 1984 victoria
535 1923 816 1984 celebris.
881 1925 1012 1984 Nec
1079 1947 1206 1985 non
1252 1928 1539 2000 Eleusis,
1586 1949 1618 1983 a
1664 1929 1782 1983 mi—

83 2016 286 2074 steriis
323 2012 626 2072 Eleusinis
677 2012 859 2071 clara.
910 2014 989 2072 II.
1031 2016 1299 2071 Boeotia
1341 2016 1506 2073 inter
1536 2028 1779 2074 montes

80 2105 195 2162 sita
214 2148 229 2178 ,
266 2100 552 2183 frugibus
572 2114 778 2162 tamen
796 2100 1123 2177 foecunda,
1148 2105 1211 2161 in
1237 2124 1362 2184 qua
1384 2102 1591 2163 Urbes
1616 2117 1776 2162 sunt:

79 2192 293 2249 Ascra
326 2189 403 2249 acl
451 2189 771 2250 Heliconis
807 2190 1062 2265 radICCS,
1083 2194 1352 2249 IIesiocli
1376 2194 1593 2275 patria.
1626 2194 1781 2250 'l'lae-

80 2280 195 2337 bae
231 2280 579 2339 multorum
627 2278 967 2341 illustrium
1008 2283 1296 2339 virorum
1339 2283 1536 2362 patria
1564 2327 1579 2354 ,
1613 2302 1780 2338 nunc

81 2367 327 2428 dirutae
366 2366 581 2450 jacent.
643 2371 1004 2428 Chaeronea
1029 2366 1348 2428 Plutarchi
1370 2372 1586 2452 patria.
1626 2371 1778 2426 Pla—

81 2469 264 2514 taeae
326 2480 358 2514 a
401 2456 636 2516 celebri
675 2457 1064 2520 Graecorum
1101 2460 1368 2517 victoria
1417 2455 1572 2519 duce
1607 2459 1776 2515 Paa-

81 2549 268 2602 sania
301 2559 522 2604 contra
568 2548 977 2605 Mar-doniam
1033 2547 1279 2606 nobilis.
1329 2549 1488 2607 Item
1546 2546 1778 2621 Aulis,

79 2634 188 2691 ubi
208 2634 431 2693 Graeci
452 2633 528 2692 ad
548 2631 803 2714 Troiam
823 2634 1174 2719 profecturi
1195 2637 1555 2718 congregati
1580 2648 1773 2694 erant.

78 2723 185 2780 ΙΙΙ.
235 2725 461 2779 Plioeis
498 2723 575 2782 ad
613 2724 977 2784 Parnassum
1011 2739 1307 2793 montem,
1358 2723 1533 2803 cujus
1568 2725 1776 2805 prima

77 2810 227 2869 urbs
282 2812 592 2888 Delplzis,
654 2834 688 2868 a
736 2812 1219 2873 sumtuosissimo
1267 2811 1583 2896 Apollinis
1630 2834 1772 2871 ora-

270 2921 276 2923 *
1545 2899 1688 2960 culo

144 3052 206 3118 a)
244 3051 458 3105 Cicero.
493 3052 643 3102 Orat.
668 3069 768 3122 pro
795 3051 861 3106 L.
896 3050 1073 3105 Flam.
1110 3052 1168 3105 L.
1209 3049 1289 3107 11.
1320 3051 1387 3105 de
1422 3047 1682 3120 Legibus,
1719 3057 1774 3102 et

239 3121 296 3172 in
333 3121 563 3191 Dialogo
598 3121 663 3174 dc
704 3121 1023 3194 partitione.
