2048 3786
348 124 472 184 ‘262
911 125 1335 185 Historia

248 326 363 386 per
398 302 529 386 ejus
569 323 946 366 successores
975 305 1424 381 Missionari05‚
1470 303 1588 389 jam
1624 308 1685 365 in
1712 304 1958 366 ultimas

252 391 472 453 Indiae
522 416 699 468 oras,
753 416 951 476 usque
999 398 1410 472 Taprobanen
1456 409 1518 455 et
1557 396 1962 457 Malabariam

254 481 480 564 religio
523 481 757 542 Christi
806 482 965 543 laeto
997 482 1214 544 fructu
1248 484 1488 567 prolata
1524 499 1629 545 est.
1690 486 1757 566 a)

416 573 463 651 §-
516 575 571 633 5.
624 574 848 630 Status
868 575 1191 649 staticus,
1240 587 1300 631 et
1320 578 1556 632 Forma
1584 577 1963 652 Regimim'S.

255 660 397 720 Indi
450 661 576 744 jam
603 663 1051 744 antiquissimis
1079 663 1467 746 temporibus
1504 664 1781 744 Regibus
1821 663 1967 721 sub-

254 773 382 810 esse
429 751 761 824 videntur,
826 763 890 810 et
949 754 1224 833 antiquis
1287 755 1410 812 suis
1470 751 1966 812 institutionilms

254 841 317 896 in
369 837 745 899 hodiernum
781 860 980 921 usque
1015 839 1184 901 diem
1228 864 1452 923 magna
1485 843 1832 901 constantia
1871 842 1965 898 in-

256 925 532 1002 haerent,
585 926 766 987 Unde
793 930 954 987 sicut
987 927 1137 988 olim
1163 975 1179 1003 ‚
1228 931 1315 989 ita
1359 946 1421 992 et
1453 928 1641 992 hodie
1674 933 1966 990 universa

254 1038 404 1097 gens
445 1019 506 1074 in
546 1030 783 1098 septem
816 1015 1069 1076 ordines
1112 1031 1203 1077 est
1225 1018 1456 1079 divisa:
1506 1023 1552 1078 Ι.
1591 1033 1725 1080 erat
1758 1015 1969 1078 Philo-

255 1103 638 1188 sophorum,
686 1126 792 1163 seu
830 1104 1518 1188 Gymnosophistarum.
1571 1111 1644 1167 ΙΙ.
1704 1108 1972 1190 Agrico-

256 1194 475 1252 larum.
527 1196 638 1253 III.
679 1195 1025 1251 Pastorum.
1070 1194 1176 1253 IV.
1227 1195 1580 1255 Artificum.
1661 1197 1736 1256 V.
1801 1196 1974 1255 Mili-

252 1283 452 1341 litum.
477 1285 582 1342 VI.
634 1280 1039 1366 Ephororum.
1066 1332 1081 1359 7
1133 1287 1244 1366 qui
1285 1287 1348 1343 in
1384 1300 1518 1346 toto
1550 1308 1746 1367 regno
1778 1288 1973 1371 inspi-

254 1376 524 1447 cientes,
574 1396 643 1432 ea
691 1395 852 1454 quae
891 1372 1341 1447 observarunt,
1386 1374 1656 1436 fideliter
1689 1377 1846 1456 Regi
1874 1397 1974 1433 re-

252 1461 549 1522 tulerunt..
597 1463 733 1520 Vll.
783 1460 1088 1522 Ordinem
1140 1465 1636 1540 constituerunt,
1693 1467 1802 1544 qui
1861 1487 1975 1546 pu-

258 1552 425 1611 blica
466 1554 643 1633 regni
679 1553 872 1610 officia
909 1575 1099 1634 penes
1118 1553 1320 1634 Reges
1344 1569 1688 1636 gesserunt,
1708 1553 1768 1611 hi
1795 1566 1973 1613 erant

257 1664 524 1702 numero
558 1641 944 1723 paucissimi,
971 1642 1077 1701 sed
1115 1642 1478 1724 nobilitate,
1527 1666 1594 1701 ac
1633 1641 1967 1726 prudentia

266 1735 543 1791 maxime
573 1732 890 1813 conspicui
921 1753 931 1788 :
982 1754 1059 1791 ex
1093 1729 1183 1792 his
1209 1735 1375 1792 enim
1413 1732 1488 1792 ad
1527 1734 1772 1818 Regum
1809 1733 1979 1790 Con-

261 1821 399 1880 silia
428 1868 442 1896 ‚
491 1818 568 1878 ad
616 1819 1075 1902 rempublicam
1117 1822 1586 1904 gubernandam
1613 1870 1628 1899 ,
1674 1837 1736 1883 et
1771 1820 1845 1879 ad
1880 1843 1978 1880 res

259 1911 477 1970 civiles
517 1907 940 1989 dijudicandas
978 1915 1457 1972 constituerunt.
1506 1913 1703 1995 Leges
1759 1909 1978 1970 Publi-

256 2022 363 2060 cae
401 2002 463 2058 in
499 1999 699 2059 Libro
723 1997 1177 2059 Brachmanum
1198 2000 1503 2084 religione
1523 2002 1804 2083 alioquin
1829 2021 1979 2059 con-

258 2104 498 2150 secrato
549 2090 871 2166 existunty
926 2088 1186 2171 plurimi
1249 2106 1457 2152 tamen
1512 2106 1778 2150 utuntur
1829 2088 1983 2171 leg-i-

260 2178 377 2241 bus
420 2202 547 2238 non
595 2179 891 2261 scriptis,
937 2180 999 2236 in
1046 2180 1315 2261 quibus,
1360 2183 1452 2239 uti
1502 2194 1564 2240 et
1607 2183 1671 2239 in
1732 2193 1983 2239 contra-

262 2269 467 2328 ctibus
508 2282 600 2328 est
646 2270 918 2327 maxima
953 2268 1338 2351 simplicium,
1373 2272 1505 2330 sine
1543 2270 1757 2328 litibus
1791 2269 1980 2341 enim,

261 2373 325 2419 et
370 2361 502 2418 sine
583 2356 863 2431 testibuS,
911 2379 980 2415 ac
1028 2359 1278 2439 sigillis,
1330 2362 1512 2419 unice
1574 2357 1879 2418 honestati
1923 2370 1985 2416 et

258 2449 674 2508 conscientiae
704 2445 1001 2525 credunt3
1043 2447 1209 2509 unde
1241 2462 1412 2532 patet
1431 2471 1533 2509 eos
1557 2471 1682 2508 non
1707 2470 1835 2509 esse
1857 2446 1985 2505 liti-

255 2538 599 2619 giososQui
621 2538 789 2596 enim
809 2534 990 2596 falsus
1015 2540 1079 2595 in
1098 2535 1356 2599 ferendo
1376 2537 1608 2621 judicio
1633 2534 1983 2621 deprehen-

259 2627 468 2702 ditur,
522 2629 817 2686 extremis
877 2625 1224 2709 digitorum
1291 2628 1530 2688 artibus
1600 2627 1981 2688 decurtatur.

1695 2718 1896 2778 Mem-

331 2906 390 2981 α)
429 2908 654 2959 Cosmas
685 2905 1132 2977 IndicopleusteS.
1176 2908 1237 2962 L.
1264 2906 1312 2959 3.
1354 2926 1406 2977 p.
1452 2906 1568 2960 178.
1613 2909 1664 2959 in
1695 2907 1830 2959 Coll.
1880 2909 1983 2959 Pa-

424 2988 573 3030 trum
609 2978 941 3030 Graecorum
978 2975 1385 3032 Montsauconii
1409 2978 1475 3032 T.
1499 2981 1561 3032 ll.
1602 2981 1736 3032 Item
1759 2979 1805 3029 la
1843 2980 1988 3031 Cro-

421 3068 503 3108 ze.
545 3049 686 3105 Hisr.
728 3049 1181 3103 christianissimi
1230 3050 1492 3103 Indorum
1532 3071 1583 3123 p.
1628 3050 1709 3105 74.
1750 3067 1867 3122 seq.
