2048 3786
323 162 448 222 500
842 167 1294 224 IIistoria

232 344 421 409 caede
463 349 528 407 in
564 344 711 409 navi
745 348 1148 427 occiderunt3
1210 348 1638 434 depositisque
1694 346 1937 431 puella-

221 459 368 496 rum
385 434 790 512 vestimentiS,
812 440 1270 522 Megarensium
1287 441 1642 498 occisorum
1661 436 1934 496 militum

225 544 675 589 assumserunt:
725 550 883 611 quos
918 529 1065 589 dein
1109 532 1496 587 Pisistratus
1543 539 1764 587 contra
1804 526 1911 586 Me

223 638 511 699 garenses
544 621 637 679 ire
687 619 877 678 iussit.
930 619 1324 699 Megarenses
1343 615 1501 677 nihil
1533 613 1770 675 fraudis
1790 614 1939 675 sub-

226 727 356 766 esse
391 709 545 784 rati,
594 730 734 768 suos
781 706 988 768 redire
1028 707 1298 768 feliciter
1340 707 1787 780 existimanteS,
1824 705 1939 765 oh—

227 797 399 855 viam
452 799 539 857 eis
601 797 746 858 laeti
798 807 860 857 et
918 799 1188 857 inermes
1247 809 1718 879 processerunt:
1778 816 1938 878 quos

223 882 374 945 dum
419 883 823 947 Athenienses
881 907 1094 946 omnes
1127 884 1571 961 trucidassent,
1620 883 1938 946 celebrem

223 975 558 1034 victoriam
591 973 669 1036 de
708 977 783 1034 iis
827 988 1252 1058 reportarunt.
1308 974 1410 1035 Oh
1444 997 1643 1058 quae,
1700 987 1764 1036 et
1810 973 1936 1034 leni

171 1117 173 1119 ,
218 1083 330 1122 sua
368 1062 857 1145 gubernatione,
895 1062 1051 1125 adeo
1096 1062 1316 1147 populi
1341 1086 1619 1124 amorem
1666 1064 1940 1124 emeruit

223 1165 297 1211 ut
327 1151 460 1234 ejus·
482 1152 638 1214 filios
672 1156 995 1230 Hippiam
1028 1166 1092 1214 et
1124 1154 1578 1228 flipparclzzim
1600 1175 1930 1237 supremae

225 1239 547 1324 dignitatis
573 1240 834 1304 heredes
869 1245 1029 1325 grati
1064 1255 1490 1324 agnoscerent.
1536 1243 1805 1303 Interim
1847 1255 1938 1301 ta-

228 1353 375 1392 men
409 1335 828 1410 IIippccrclins
863 1353 1027 1392 anno
1046 1332 1375 1414 regiminis
1418 1333 1513 1390 14.
1537 1354 1651 1415 per
1683 1334 1941 1390 Ilarmo

223 1423 395 1479 (lium
430 1437 492 1483 et
522 1422 1023 1501 Aristogitonem
1057 1422 1365 1482 concitata
1398 1418 1705 1483 seditione
1743 1423 1941 1482 inter-

227 1525 428 1571 emtus
465 1527 572 1573 est.
622 1516 911 1590 Hippias
941 1535 1096 1573 vero
1134 1513 1197 1569 in
1245 1511 1663 1593 suspicionem
1707 1525 1771 1571 et
1807 1533 1939 1572 sae-

218 1598 458 1661 viticm'
480 1602 784 1685 delapsus,
815 1624 995 1662 svasu
1025 1599 1262 1662 oraculi
1295 1597 1610 1683 Delphici,
1631 1598 1938 1661 Lacedae-

220 1694 416 1749 monii
450 1695 846 1752 concitarunt
876 1688 1282 1753 Athenienses
1309 1688 1386 1748 ad
1407 1689 1644 1751 bellum
1665 1689 1938 1752 familiae

221 1780 559 1842 Pisistratis
593 1781 995 1844 inserendum
1035 1783 1102 1863 a)
1138 1795 1201 1843 et
1239 1777 1650 1863 ejiciendum3
1698 1803 1820 1864 qua
1845 1803 1941 1841 se-

222 1868 462 1931 ditione
492 1874 782 1950 IIippicts
820 1874 1232 1956 Lampsacum
1277 1869 1524 1953 fugatus
1556 1885 1678 1947 est,
1714 1895 1764 1929 a.
1795 1886 1938 1931 ante

222 1956 332 2018 Ch.
357 1961 499 2021 510.
531 1962 819 2022 Siccariis
841 1977 1048 2022 autem
1070 1963 1444 2038 Hipparchi
1461 2007 1475 2035 ,
1502 1983 1727 2045 nempe
1753 1964 1939 2020 Ilar-

224 2053 425 2108 modio
472 2064 534 2111 et
579 2054 1006 2130 Aristogitoni
1060 2065 1329 2110 statuam
1375 2064 1751 2127 erexerunt3
1806 2074 1936 2134 quo

220 2134 461 2199 honore
504 2154 681 2201 antea
714 2144 951 2201 nemini
979 2141 1222 2200 tributo
1246 2186 1260 2213 ,
1285 2160 1595 2203 summum
1634 2141 1695 2197 in
1723 2154 1937 2221 tyran-

220 2250 334 2288 nos
382 2228 595 2288 odium
657 2246 1098 2315 conceperunt.
1195 2230 1437 2289 Verum
1516 2226 1934 2291 Athenienses

224 2340 341 2377 nec
385 2316 503 2379 hoc
541 2319 799 2402 quidem
831 2336 1013 2406 pacto
1075 2321 1274 2404 quieti
1335 2333 1737 2396 manserunt,
1787 2343 1936 2380 nam

226 2406 408 2469 brevi
466 2411 808 2469 Clisthenes
861 2409 1080 2473 favore
1134 2408 1351 2494 populi
1410 2408 1486 2467 ad
1535 2409 1939 2489 tyrannidem

218 2512 548 2579 promotus
580 2501 917 2584 imperium
942 2499 1341 2573 moliebatur,
1377 2520 1576 2581 quare
1610 2521 1761 2558 mox
1799 2499 1932 2580 ejus

215 2588 491 2647 aemulus
534 2591 839 2669 Diagoras
879 2613 1076 2674 aeque
1127 2588 1527 2664 ambitiosus,
1587 2588 1930 2671 Spartano-

219 2699 364 2736 rum
428 2701 642 2761 regem
702 2682 1078 2738 Cleomenem
1133 2678 1368 2738 auxilio
1425 2681 1750 2751 evocavit,
1815 2682 1924 2762 qui

218 2769 404 2826 etiam
451 2767 603 2829 dum
647 2770 712 2829 in
761 2768 892 2854 ejus
928 2771 1194 2853 gratiam
1245 2770 1544 2828 Senatum
1586 2765 1933 2829 Athenien-

1718 2880 1848 2919 sem

220 2969 539 2990 m

292 3050 351 3122 a)
390 3050 630 3104 Thucid.
671 3051 737 3105 L.
773 3051 822 3103 ὃ.
865 3070 904 3102 c.
940 3051 1029 3108 59.
1073 3052 1336 3107 Herodolt.
1372 3054 1436 3112 L.
1477 3052 1529 3111 1.
1572 3073 1616 3106 c·
1653 3050 1741 3109 61.
1779 3067 1927 3122 seqq.

381 3124 651 3176 Mcursius
688 3123 744 3174 in
782 3123 993 3177 Pisistr.
1034 3143 1080 3177 e.
1119 3123 1170 3183 4.
