2048 3786
488 199 750 276 Regni
795 197 1337 275 Aegyptiaci.
1590 189 1714 254 ’569

80 403 223 442 usus
257 384 490 468 Papyri
530 382 800 465 plantae,
840 401 1004 465 quae
1047 383 1112 439 in
1157 377 1490 464 paludibus
1515 379 1797 463 Aegypti

83 471 160 532 ad
204 471 468 533 fluvium
510 471 727 532 Nilum
759 474 1000 532 crescit.
1069 470 1378 530 Similiter
1432 471 1618 530 etiam
1662 470 1800 527 Rex

79 559 413 646 Bithyniae
452 564 759 620 Eumenes
811 565 875 620 in
921 560 1083 623 urbe
1128 560 1435 644 Pergamo
1456 560 1806 619 instructis-

81 656 307 714 simam
357 653 641 712 instituit
696 648 1170 712 Bibliothecam.
1268 651 1430 712 ltem
1508 650 1809 709 Civitates

83 740 447 829 splendidae
484 754 663 803 erant
701 744 992 804 'erectaet
1041 743 1135 801 uti
1173 739 1454 801 Seleucia
1481 785 1496 815 ,
1534 737 1812 798 Alexan-

88 832 262 910 dria,
301 828 663 909 Antiochia,
695 846 808 893 etc.
843 854 1114 916 quarum
1137 828 1505 914 magnificae
1529 841 1803 888 structu—

95 944 226 1000 ηε,
244 919 594 996 manifeste,
625 922 906 1010 probant
938 919 1279 982 Artificum
1315 922 1612 980 eximiam
1648 919 1818 1002 peri-

86 1017 258 1074 tiam.
307 1013 592 1086 Quarum
632 1013 911 1075 Urbium
950 1033 1168 1074 recens
1219 1011 1566 1095 generatio,
1627 1004 1814 1067 simul

86 1117 224 1165 erat
255 1101 523 1164 aliarum
555 1103 744 1166 Asiae
781 1102 1039 1164 urbium
1087 1100 1454 1178 destructio,
1499 1098 1811 1183 imprimis

94 1193 497 1276 Babyloniae,
536 1217 699 1279 quae
738 1194 820 1255 ab
867 1191 985 1255 hoc
1022 1208 1309 1278 tempore
1345 1189 1651 1276 neglecta,
1685 1190 1812 1246 imo

96 1283 336 1344 tardius
369 1287 554 1345 etiam
583 1286 785 1349 deleta
811 1299 918 1347 est.
969 1285 1501 1366 Exstiteruntque
1532 1284 1814 1340 Alexan-

93 1378 334 1433 xandri
363 1377 457 1433 M.
531 1377 928 1461 temporibus
975 1390 1038 1436 et
1069 1389 1281 1459 postea
1328 1373 1472 1433 Viri
1518 1369 1808 1431 doctrina

93 1478 496 1551 praestanteS‚
543 1471 672 1527 uti:
721 1470 1043 1544 Diogenes
1088 1467 1395 1541 CanicuS,
1446 1461 1814 1538 Theophra-

97 1568 233 1613 stus
276 1557 545 1615 Eresius
601 1582 633 1616 a
676 1556 975 1640 longaeva
1019 1557 1207 1616 etiam
1244 1558 1371 1615 vita
1400 1551 1696 1614 celebres.
1747 1548 1815 1628 a)

95 1647 253 1705 Item
282 1668 293 1703 :
344 1647 609 1723 Polemo,
655 1649 952 1721 Crantor,
986 1647 1230 1719 Crates,
1268 1647 1642 1703 Arcesilaus
1670 1636 1819 1700 Phi-

95 1731 340 1818 losophi
378 1752 441 1796 et
474 1738 716 1798 Poetae.
771 1740 935 1796 Zeno
979 1734 1222 1794 Stoicae
1269 1749 1467 1795 sectae
1520 1729 1816 1792 conditor

96 1827 262 1885 vixit
319 1826 420 1888 98.
472 1848 548 1887 ex
602 1826 826 1910 qaibus
890 1826 989 1886 58.
1047 1826 1225 1883 annis
1274 1845 1493 1906 magna
1551 1821 1827 1881 nominis

97 1913 464 1978 celebritate
532 1915 763 1977 docuit.
835 1918 1206 1974 Demetrius
1242 1916 1633 1973 Plzaleraeus
1683 1904 1830 1970 Phi-

99 2004 395 2089 losophus
427 2009 740 2069 etOrator
787 2007 1158 2090 Legumque
1212 2008 1469 2090 peritus.
1555 2004 1829 2061 Menan-

105 2099 219 2154 ‹ler
256 2099 443 2158 Poeta
469 2112 532 2158 et
564 2099 869 2159 Comicus,
922 2097 1268 2156 Historiam
1290 2096 1558 2180 Scripsit
1583 2095 1831 2151 Timae-

103 2207 176 2244 us
204 2187 468 2264 Siculus,
512 2202 575 2248 et
602 2191 845 2248 Callias
881 2187 1318 2269 Syracusanus.
1371 2185 1505 2246 Sub
1554 2185 1833 2242 Alexan-

106 2286 222 2340 dro
257 2280 350 2355 M,
396 2281 679 2338 Berosus
703 2275 1066 2352 Chaldaeu8‚
1100 2299 1317 2338 rerum
1355 2273 1833 2337 Chaldaicarum

112 2372 439 2453 Scriptor3
489 2371 640 2430 item
674 2370 982 2429 Manetlzo
1017 2367 1503 2450 Diospolitanus.
1533 2379 1647 2425 etc.
1671 2363 1834 2422 Dein

111 2465 376 2535 Seram,
424 2462 637 2538 Lyco,
705 2461 1001 2537 Lacydes
1027 2505 1042 2534 ,
1120 2460 1515 2535 Chrysippus
1565 2455 1831 2514 Stoicus.

118 2551 577 2611 Eratosthenes
642 2571 768 2633 qua
827 2550 1309 2631 octvagenarius
1373 2545 1578 2609 inedia
1636 2546 1835 2603 vitam

121 2640 345 2701 finivit.
406 2642 837 2699 Callimachus
885 2640 1113 2715 Poeta,
1163 2661 1352 2723 quem
1413 2640 1646 2696 Suiclas
1698 2633 1836 2717 plus

115 2753 306 2814 quam
331 2733 687 2813 octingenta
717 2729 1039 2789 volumina
1062 2730 1391 2813 reliquisse
1417 2727 1654 2788 scribit.
1704 2726 1835 2783 Ro-

114 2844 253 2881 mae
300 2841 454 2880 vero
495 2819 571 2878 ad
613 2821 759 2878 a.U.
809 2821 872 2879 C.
923 2822 1149 2881 Livius
1179 2822 1369 2880 Poeta
1390 2821 1631 2902 primus
1660 2812 1834 2874 fabu-

115 2911 235 2970 lam
262 2909 492 2970 docuit.
544 2911 698 2970 Item
734 2912 1016 2984 Plautus,
1061 2913 1326 2984 Ennius,
1379 2911 1626 2966 Statius
1681 2905 1835 2961 Cae-

195 3104 255 3178 α)
295 3104 527 3172 Diogen.
574 3101 641 3157 L.
670 3101 719 3153 (ἶ.
760 3121 807 3156 c.
846 3099 927 3153 79.
969 3110 1023 3152 et
1065 3101 1132 3157 L.
1194 3100 1245 3156 5.
1282 3118 1332 3156 c.
1371 3095 1460 3154 36.
1503 3067 1729 3150 Hieron.
1775 3096 1834 3154 in

282 3176 455 3247 Epist.
497 3173 563 3225 ad
605 3174 993 3245 Nepotianum.
