2048 3786
379 183 415 249 4

283 387 456 435 went
491 369 803 460 scriptura
840 366 1046 453 adest,
1087 368 1189 438 vel
1230 366 1443 453 deest,
1505 387 1568 436 et
1598 364 1663 435 hi
1711 370 1810 438 vel
1871 375 2002 438 Pac-2

304 467 412 523 liei
435 510 451 540 ‚
492 464 594 526 vel
641 467 938 544 Privati3
985 481 1099 527 etc.
1145 468 1306 526 sicut
1355 468 1421 525 in
1470 465 1751 526 Historia
1796 469 1990 551 Prag-

267 556 491 613 matica
529 555 604 613 R.
646 555 1008 639 Hungariae
1031 554 1155 640 jam
1186 557 1465 638 exposui.
1504 556 1572 636 a)
1596 556 1892 617 Ceterum
1917 549 1996 615 ad

264 666 518 704 omnem
565 644 918 705 Historiam
960 643 1438 719 Universalem,
1487 644 1835 729 peculiares
1896 668 2001 705 ca·-

261 755 363 792 sus
409 747 472 794 et
511 734 1011 796 circumstantias
1051 736 1319 794 Divinae
1363 734 1748 810 CreationiS‚
1793 733 1997 795 solum

262 817 563 883 Narratio
612 821 885 885 Mosaica
932 821 1116 884 nobis
1156 821 1595 902 manifestavit3
1642 846 1802 907 quae
1845 822 1997 885 licet

260 905 426 971 haud
468 927 821 974 accuratam
859 921 923 976 et
963 909 1467 996 Philosophicam
1516 915 1852 996 imaginem
1890 936 1996 974 or-

262 1011 361 1061 tus
397 1004 680 1062 omnium
713 1025 932 1065 rerum
954 1049 969 1078 ,
1016 997 1121 1063 sed
1163 1001 1366 1062 solum
1393 1003 1774 1063 Historicam
1796 1025 1991 1086 expo-

262 1097 407 1167 nat3
479 1083 803 1153 fundatam
864 1107 1073 1153 tamen
1125 1089 1554 1152 narrationem
1610 1091 1993 1154 certitudine

264 1177 710 1261 effigurationis
763 1196 971 1242 terrae
1019 1194 1304 1256 nostrae,
1352 1202 1431 1241 ex
1462 1178 1648 1258 rudi,
1716 1197 1780 1243 et
1827 1180 1993 1242 indi-

262 1282 430 1349 gesta
508 1269 675 1331 mole
735 1283 1021 1355 respectu
1089 1270 1304 1331 Divini
1388 1270 1633 1330 consilii
1689 1273 1990 1333 continet.

263 1358 430 1416 Hinc
501 1373 593 1419 est
639 1358 813 1442 quod
858 1357 1137 1419 diversas
1184 1359 1685 1420 circumstantias
1729 1363 1990 1438 Moyses

259 1446 442 1507 nobis
486 1469 618 1507 non
657 1447 1009 1510 reddiderit
1044 1461 1259 1525 notas;
1292 1469 1349 1507 v.
1368 1469 1422 1529 g.
1449 1449 1580 1508 Cur
1602 1451 1839 1510 creatio
1862 1470 1994 1509 non

259 1534 335 1595 ad
373 1537 562 1598 semel
586 1584 602 1614 ‚
650 1536 758 1599 sed
796 1560 906 1600 sex
945 1535 1196 1600 dierum
1233 1539 1434 1621 spatio
1459 1536 1743 1605 absoluta
1762 1536 1989 1600 fuerit?

259 1628 395 1700 Qua
462 1628 707 1689 ratione
769 1643 976 1691 cetera
1038 1627 1213 1687 orbis
1266 1646 1537 1711 corpora
1605 1626 1931 1689 efformata
1956 1628 1988 1688 ’.Ρ

259 1714 522 1789 Quando
556 1716 785 1801 Angeli
833 1719 1025 1780 creati
1065 1715 1240 1777 sint?
1282 1731 1395 1777 ete.
1425 1751 1513 1762 ——
1535 1718 1685 1778 Post
1719 1720 1986 1796 Moysen

259 1806 449 1888 primi
490 1807 807 1871 Historiae
853 1810 1050 1891 magis
1076 1803 1403 1868 ordinatae
1439 1808 1782 1891 scriptores
1822 1807 1986 1869 cele—

259 1894 559 1955 brantur:
609 1899 978 1957 Herodotus
1000 1895 1567 1971 Halicffl'nassaeus,
1616 1920 1649 1955 a
1686 1899 1983 1956 Cicerone

257 1983 685 2045 Historiarum
729 1990 961 2049 Parens
999 1999 1294 2063 vocatus3
1368 1986 1522 2047 item
1587 1988 1986 2064 Thucydides

257 2087 322 2134 et
362 2075 705 2150 Xenophon
748 2076 934 2137 ambo
974 2073 1430 2152 Atheniense83
1471 2097 1588 2137 nec
1624 2099 1754 2137 non
1791 2079 1990 2154 Poly-

259 2165 435 2237 biae,
483 2165 809 2225 Diodorus
857 2164 1134 2241 Siculus,
1185 2166 1295 2249 qui
1347 2180 1556 2226 tamen
1613 2188 1827 2227 omnes
1875 2189 1990 2225 va-

260 2253 503 2311 riorum
543 2276 872 2332 errorum,
915 2270 977 2316 et
1017 2256 1332 2315 commissi
1367 2257 1867 2314 Anachrom'smi
1887 2257 1980 2315 rei

258 2341 669 2422 postulantur.
721 2345 861 2405 Huc
910 2348 1233 2428 pertinent
1288 2345 1574 2402 Philonis
1615 2359 1679 2405 et
1724 2346 1984 2421 Josephi

257 2433 472 2487 Flavii
506 2431 887 2494 Judaeorum
911 2437 1137 2519 Opera.
1168 2438 1326 2494 Item
1349 2433 1791 2494 Hebraeorum
1825 2436 1981 2492 scri-

256 2534 393 2600 pta,
461 2522 685 2598 Seder,
770 2529 955 2585 Olam
1035 2524 1242 2584 Babba·
1299 2526 1371 2583 II.
1425 2545 1538 2584 see.
1618 2521 1980 2582 Chronicon

254 2608 693 2672 Hebraeorum
732 2612 926 2698 majus
954 2636 988 2688 ,’
1017 2629 1081 2674 et
1122 2615 1328 2670 minus
1362 2633 1505 2671 cum
1544 2614 1836 2673 versione
1859 2609 1980 2671 La-

255 2700 412 2773 tina,
462 2714 525 2760 et
549 2702 1016 2764 Commentario
1051 2716 1396 2787 perpetim,
1439 2703 1541 2761 cui
1580 2716 1765 2762 notae
1810 2704 1876 2760 in
1897 2703 1973 2761 V.

257 2787 636 2850 Testamenti
678 2792 906 2854 Libros
946 2794 1300 2855 Historicos
1321 2838 1335 2866 ,
1366 2805 1435 2852 et
1458 2792 1791 2875 plerasque
1817 2793 1980 2852 Pro—-

253 2873 468 2958 phetas
503 2881 778 2943 minores
810 2885 1081 2945 insertae
1141 2895 1285 2943 sunt
1352 2901 1500 2942 cura
1564 2884 1658 2941 Jo.
1700 2883 1975 2958 Meyeri.

1579 2988 1582 2989 ’
1682 2969 1874 3033 Amst.

316 3157 374 3229 ιι)
412 3159 562 3213 Edit.
600 3161 739 3214 Pest.
781 3158 848 3213 T.
891 3158 924 3212 l.
963 3178 1014 3232 p.
1053 3157 1131 3214 10.
