<?xml version="1.0" encoding="UTF-8"?>
<!DOCTYPE html PUBLIC "-//W3C//DTD XHTML 1.0 Transitional//EN"
    "http://www.w3.org/TR/xhtml1/DTD/xhtml1-transitional.dtd">
<html xmlns="http://www.w3.org/1999/xhtml" xml:lang="en" lang="en">
 <head>
  <title>
</title>
<meta http-equiv="Content-Type" content="text/html;charset=utf-8" />
  <meta name='ocr-system' content='tesseract 3.04.00' />
  <meta name='ocr-capabilities' content='ocr_page ocr_carea ocr_par ocr_line ocrx_word'/>
</head>
<body>
  <div class='ocr_page' id='page_1' title='image "./historiauniversa01nagy_0354.png"; bbox 0 0 2048 3786; ppageno 0'>
   <div class='ocr_carea' id='block_1_1' title="bbox 349 140 1367 204">
    <p class='ocr_par' dir='ltr' id='par_1_1' title="bbox 349 140 1367 204">
     <span class='ocr_line' id='line_1_1' title="bbox 349 140 1367 204; baseline 0.004 -6"><span class='ocrx_word' id='word_1_1' title='bbox 349 140 473 198; x_wconf 69' lang='lat'>514</span> <span class='ocrx_word' id='word_1_2' title='bbox 960 146 1367 204; x_wconf 75' lang='lat' dir='ltr'><em>Historia</em></span> 
     </span>
    </p>
   </div>
   <div class='ocr_carea' id='block_1_2' title="bbox 244 322 1968 2716">
    <p class='ocr_par' dir='ltr' id='par_1_2' title="bbox 244 322 1968 2716">
     <span class='ocr_line' id='line_1_2' title="bbox 255 322 1963 409; baseline 0.002 -27"><span class='ocrx_word' id='word_1_3' title='bbox 255 322 445 385; x_wconf 83' lang='lat' dir='ltr'>rebus</span> <span class='ocrx_word' id='word_1_4' title='bbox 514 326 843 402; x_wconf 77' lang='lat' dir='ltr'>omnibus,</span> <span class='ocrx_word' id='word_1_5' title='bbox 903 349 1064 409; x_wconf 87' lang='lat' dir='ltr'>quae</span> <span class='ocrx_word' id='word_1_6' title='bbox 1110 331 1241 388; x_wconf 85' lang='lat' dir='ltr'>sive</span> <span class='ocrx_word' id='word_1_7' title='bbox 1299 324 1375 385; x_wconf 90' lang='lat' dir='ltr'>ad</span> <span class='ocrx_word' id='word_1_8' title='bbox 1419 327 1656 385; x_wconf 85' lang='lat' dir='ltr'>victum</span> <span class='ocrx_word' id='word_1_9' title='bbox 1703 323 1963 385; x_wconf 84' lang='lat' dir='ltr'>uberio-</span> 
     </span>
     <span class='ocr_line' id='line_1_3' title="bbox 256 414 1962 498; baseline 0.002 -28"><span class='ocrx_word' id='word_1_10' title='bbox 256 435 433 486; x_wconf 76' lang='lat' dir='ltr'>rem,</span> <span class='ocrx_word' id='word_1_11' title='bbox 480 416 611 475; x_wconf 85' lang='lat' dir='ltr'>sive</span> <span class='ocrx_word' id='word_1_12' title='bbox 656 415 734 474; x_wconf 91' lang='lat' dir='ltr'>ad</span> <span class='ocrx_word' id='word_1_13' title='bbox 774 416 1219 498; x_wconf 79' lang='lat' dir='ltr'>elegantiorem</span> <span class='ocrx_word' id='word_1_14' title='bbox 1256 418 1420 475; x_wconf 83' lang='lat' dir='ltr'>vitae</span> <span class='ocrx_word' id='word_1_15' title='bbox 1472 414 1781 472; x_wconf 87' lang='lat' dir='ltr'>culturam</span> <span class='ocrx_word' id='word_1_16' title='bbox 1825 437 1962 498; x_wconf 82' lang='lat' dir='ltr'>spe-</span> 
     </span>
     <span class='ocr_line' id='line_1_4' title="bbox 254 503 1959 584; baseline 0.001 -23"><span class='ocrx_word' id='word_1_17' title='bbox 254 515 457 578; x_wconf 78' lang='lat' dir='ltr'>ctant,</span> <span class='ocrx_word' id='word_1_18' title='bbox 502 526 610 564; x_wconf 88' lang='lat' dir='ltr'>sua</span> <span class='ocrx_word' id='word_1_19' title='bbox 656 504 1076 568; x_wconf 82' lang='lat' dir='ltr'>foecunditate</span> <span class='ocrx_word' id='word_1_20' title='bbox 1121 523 1181 568; x_wconf 89' lang='lat' dir='ltr'>et</span> <span class='ocrx_word' id='word_1_21' title='bbox 1222 503 1602 564; x_wconf 80' lang='lat' dir='ltr'>abundantia</span> <span class='ocrx_word' id='word_1_22' title='bbox 1662 505 1959 584; x_wconf 78' lang='lat' dir='ltr'>insigni83</span> 
     </span>
     <span class='ocr_line' id='line_1_5' title="bbox 252 591 1956 679; baseline 0.001 -29"><span class='ocrx_word' id='word_1_23' title='bbox 252 595 562 675; x_wconf 78' lang='lat' dir='ltr'>portubus</span> <span class='ocrx_word' id='word_1_24' title='bbox 606 618 761 657; x_wconf 84' lang='lat' dir='ltr'>vero</span> <span class='ocrx_word' id='word_1_25' title='bbox 795 619 863 656; x_wconf 89' lang='lat' dir='ltr'>ac</span> <span class='ocrx_word' id='word_1_26' title='bbox 911 597 1365 679; x_wconf 81' lang='lat' dir='ltr'>promontoriis</span> <span class='ocrx_word' id='word_1_27' title='bbox 1407 591 1810 654; x_wconf 88' lang='lat' dir='ltr'>refertissima</span> <span class='ocrx_word' id='word_1_28' title='bbox 1846 607 1956 652; x_wconf 89' lang='lat' dir='ltr'>est.</span> 
     </span>
     <span class='ocr_line' id='line_1_6' title="bbox 255 680 1962 769; baseline 0.001 -29"><span class='ocrx_word' id='word_1_29' title='bbox 255 681 669 744; x_wconf 85' lang='lat' dir='ltr'>Incoluerunt</span> <span class='ocrx_word' id='word_1_30' title='bbox 723 685 875 746; x_wconf 89' lang='lat' dir='ltr'>olim</span> <span class='ocrx_word' id='word_1_31' title='bbox 932 687 1091 744; x_wconf 87' lang='lat' dir='ltr'>varii</span> <span class='ocrx_word' id='word_1_32' title='bbox 1139 686 1441 745; x_wconf 81' lang='lat' dir='ltr'>Graeciae</span> <span class='ocrx_word' id='word_1_33' title='bbox 1502 680 1764 769; x_wconf 82' lang='lat' dir='ltr'>populi,</span> <span class='ocrx_word' id='word_1_34' title='bbox 1837 684 1962 741; x_wconf 89' lang='lat' dir='ltr'>uti:</span> 
     </span>
     <span class='ocr_line' id='line_1_7' title="bbox 251 768 1960 855; baseline -0.001 -24"><span class='ocrx_word' id='word_1_35' title='bbox 251 769 417 846; x_wconf 82' lang='lat' dir='ltr'>Ehi,</span> <span class='ocrx_word' id='word_1_36' title='bbox 466 775 796 849; x_wconf 87' lang='lat' dir='ltr'>Messenii,</span> <span class='ocrx_word' id='word_1_37' title='bbox 829 771 1099 849; x_wconf 78' lang='lat' dir='ltr'>Achivi,</span> <span class='ocrx_word' id='word_1_38' title='bbox 1161 775 1476 855; x_wconf 82' lang='lat' dir='ltr'>Sicyonii,</span> <span class='ocrx_word' id='word_1_39' title='bbox 1535 768 1960 847; x_wconf 81' lang='lat' dir='ltr'>Corinthiaci,</span> 
     </span>
     <span class='ocr_line' id='line_1_8' title="bbox 256 859 1964 945; baseline 0.001 -27"><span class='ocrx_word' id='word_1_40' title='bbox 256 859 534 922; x_wconf 84' lang='lat' dir='ltr'>Lacones</span> <span class='ocrx_word' id='word_1_41' title='bbox 559 908 575 937; x_wconf 87' lang='grc'>,</span> <span class='ocrx_word' id='word_1_42' title='bbox 622 862 897 945; x_wconf 78' lang='lat' dir='ltr'>Argivi,</span> <span class='ocrx_word' id='word_1_43' title='bbox 941 877 1005 923; x_wconf 90' lang='lat' dir='ltr'>et</span> <span class='ocrx_word' id='word_1_44' title='bbox 1040 863 1337 938; x_wconf 80' lang='lat' dir='ltr'>Arcade8‚</span> <span class='ocrx_word' id='word_1_45' title='bbox 1385 862 1467 921; x_wconf 85' lang='lat' dir='ltr'>ob</span> <span class='ocrx_word' id='word_1_46' title='bbox 1496 882 1773 944; x_wconf 83' lang='lat' dir='ltr'>quorum</span> <span class='ocrx_word' id='word_1_47' title='bbox 1806 860 1964 920; x_wconf 87' lang='lat' dir='ltr'>Res—</span> 
     </span>
     <span class='ocr_line' id='line_1_9' title="bbox 251 949 1962 1032; baseline 0.001 -26"><span class='ocrx_word' id='word_1_48' title='bbox 251 949 533 1032; x_wconf 82' lang='lat' dir='ltr'>publicas</span> <span class='ocrx_word' id='word_1_49' title='bbox 573 965 706 1011; x_wconf 85' lang='lat' dir='ltr'>toto</span> <span class='ocrx_word' id='word_1_50' title='bbox 739 951 894 1012; x_wconf 84' lang='lat' dir='ltr'>orbe</span> <span class='ocrx_word' id='word_1_51' title='bbox 928 954 1199 1014; x_wconf 81' lang='lat' dir='ltr'>maxime</span> <span class='ocrx_word' id='word_1_52' title='bbox 1221 951 1532 1012; x_wconf 85' lang='lat' dir='ltr'>celebrata</span> <span class='ocrx_word' id='word_1_53' title='bbox 1566 949 1715 1010; x_wconf 84' lang='lat' dir='ltr'>fuit:</span> <span class='ocrx_word' id='word_1_54' title='bbox 1764 950 1962 1008; x_wconf 87' lang='lat' dir='ltr'>incla-</span> 
     </span>
     <span class='ocr_line' id='line_1_10' title="bbox 250 1039 1963 1123; baseline 0.002 -28"><span class='ocrx_word' id='word_1_55' title='bbox 250 1053 647 1122; x_wconf 83' lang='lat' dir='ltr'>rueruntque</span> <span class='ocrx_word' id='word_1_56' title='bbox 685 1039 920 1101; x_wconf 87' lang='lat' dir='ltr'>ibidem</span> <span class='ocrx_word' id='word_1_57' title='bbox 965 1043 1123 1100; x_wconf 84' lang='lat' dir='ltr'>varii</span> <span class='ocrx_word' id='word_1_58' title='bbox 1160 1043 1525 1123; x_wconf 81' lang='lat' dir='ltr'>Principes3</span> <span class='ocrx_word' id='word_1_59' title='bbox 1558 1042 1687 1100; x_wconf 88' lang='lat' dir='ltr'>imo</span> <span class='ocrx_word' id='word_1_60' title='bbox 1720 1060 1963 1100; x_wconf 89' lang='lat' dir='ltr'>succes—</span> 
     </span>
     <span class='ocr_line' id='line_1_11' title="bbox 250 1127 1965 1214; baseline 0.002 -30"><span class='ocrx_word' id='word_1_61' title='bbox 250 1129 384 1188; x_wconf 84' lang='lat' dir='ltr'>sive</span> <span class='ocrx_word' id='word_1_62' title='bbox 418 1127 805 1212; x_wconf 68' lang='lat' dir='ltr'>&#39;Majestatem</span> <span class='ocrx_word' id='word_1_63' title='bbox 827 1145 887 1190; x_wconf 90' lang='lat' dir='ltr'>et</span> <span class='ocrx_word' id='word_1_64' title='bbox 923 1132 1273 1214; x_wconf 85' lang='lat' dir='ltr'>Imperium</span> <span class='ocrx_word' id='word_1_65' title='bbox 1307 1131 1497 1190; x_wconf 83' lang='lat' dir='ltr'>totius</span> <span class='ocrx_word' id='word_1_66' title='bbox 1530 1128 1830 1188; x_wconf 84' lang='lat' dir='ltr'>Graeciae</span> <span class='ocrx_word' id='word_1_67' title='bbox 1849 1128 1965 1188; x_wconf 85' lang='lat' dir='ltr'>ob-</span> 
     </span>
     <span class='ocr_line' id='line_1_12' title="bbox 249 1215 1966 1302; baseline 0.004 -29"><span class='ocrx_word' id='word_1_68' title='bbox 249 1218 457 1277; x_wconf 84' lang='lat' dir='ltr'>tinuit.</span> <span class='ocrx_word' id='word_1_69' title='bbox 507 1218 716 1279; x_wconf 89' lang='lat' dir='ltr'>Hodie</span> <span class='ocrx_word' id='word_1_70' title='bbox 757 1219 1244 1302; x_wconf 84' lang='lat' dir='ltr'>Peloponnesus,</span> <span class='ocrx_word' id='word_1_71' title='bbox 1289 1231 1481 1302; x_wconf 89' lang='lat' dir='ltr'>prout</span> <span class='ocrx_word' id='word_1_72' title='bbox 1505 1231 1568 1278; x_wconf 87' lang='lat' dir='ltr'>et</span> <span class='ocrx_word' id='word_1_73' title='bbox 1600 1231 1730 1278; x_wconf 84' lang='lat' dir='ltr'>tota</span> <span class='ocrx_word' id='word_1_74' title='bbox 1768 1215 1966 1280; x_wconf 88' lang='lat' dir='ltr'>Grae—</span> 
     </span>
     <span class='ocr_line' id='line_1_13' title="bbox 260 1307 1966 1392; baseline 0.002 -28"><span class='ocrx_word' id='word_1_75' title='bbox 260 1308 356 1365; x_wconf 87' lang='lat' dir='ltr'>cia</span> <span class='ocrx_word' id='word_1_76' title='bbox 381 1308 733 1368; x_wconf 88' lang='lat' dir='ltr'>Turcarum</span> <span class='ocrx_word' id='word_1_77' title='bbox 757 1308 1039 1369; x_wconf 87' lang='lat' dir='ltr'>dominio</span> <span class='ocrx_word' id='word_1_78' title='bbox 1060 1323 1152 1370; x_wconf 90' lang='lat' dir='ltr'>est</span> <span class='ocrx_word' id='word_1_79' title='bbox 1172 1308 1466 1392; x_wconf 80' lang='lat' dir='ltr'>subjecta,</span> <span class='ocrx_word' id='word_1_80' title='bbox 1492 1307 1640 1368; x_wconf 89' lang='lat' dir='ltr'>licet</span> <span class='ocrx_word' id='word_1_81' title='bbox 1664 1310 1966 1369; x_wconf 90' lang='lat' dir='ltr'>continuo</span> 
     </span>
     <span class='ocr_line' id='line_1_14' title="bbox 250 1396 1966 1483; baseline 0.002 -31"><span class='ocrx_word' id='word_1_82' title='bbox 250 1396 326 1454; x_wconf 82' lang='lat' dir='ltr'>ab</span> <span class='ocrx_word' id='word_1_83' title='bbox 347 1397 593 1480; x_wconf 85' lang='lat' dir='ltr'>aliquot</span> <span class='ocrx_word' id='word_1_84' title='bbox 609 1399 910 1459; x_wconf 87' lang='lat' dir='ltr'>Graeciae</span> <span class='ocrx_word' id='word_1_85' title='bbox 928 1398 1181 1483; x_wconf 78' lang='lat' dir='ltr'>regulis,</span> <span class='ocrx_word' id='word_1_86' title='bbox 1205 1419 1364 1481; x_wconf 87' lang='lat' dir='ltr'>quos</span> <span class='ocrx_word' id='word_1_87' title='bbox 1391 1396 1477 1457; x_wconf 91' lang='lat' dir='ltr'>illi</span> <span class='ocrx_word' id='word_1_88' title='bbox 1501 1400 1827 1474; x_wconf 80' lang='lat' dir='ltr'>Despotas</span> <span class='ocrx_word' id='word_1_89' title='bbox 1852 1419 1966 1456; x_wconf 86' lang='lat' dir='ltr'>vo-</span> 
     </span>
     <span class='ocr_line' id='line_1_15' title="bbox 251 1485 1962 1572; baseline 0.001 -30"><span class='ocrx_word' id='word_1_90' title='bbox 251 1487 493 1561; x_wconf 79' lang='lat' dir='ltr'>cabant,</span> <span class='ocrx_word' id='word_1_91' title='bbox 516 1490 664 1548; x_wconf 87' lang='lat' dir='ltr'>item</span> <span class='ocrx_word' id='word_1_92' title='bbox 683 1491 926 1572; x_wconf 87' lang='lat' dir='ltr'>saepius</span> <span class='ocrx_word' id='word_1_93' title='bbox 959 1513 989 1548; x_wconf 88' lang='lat' dir='ltr'>a</span> <span class='ocrx_word' id='word_1_94' title='bbox 1011 1489 1269 1549; x_wconf 90' lang='lat' dir='ltr'>Venetis</span> <span class='ocrx_word' id='word_1_95' title='bbox 1285 1485 1538 1547; x_wconf 79' lang='lat' dir='ltr'>fortiter</span> <span class='ocrx_word' id='word_1_96' title='bbox 1562 1485 1680 1546; x_wconf 87' lang='lat' dir='ltr'>fuit</span> <span class='ocrx_word' id='word_1_97' title='bbox 1696 1485 1962 1549; x_wconf 89' lang='lat' dir='ltr'>defensa.</span> 
     </span>
     <span class='ocr_line' id='line_1_16' title="bbox 248 1574 1966 1661; baseline 0.001 -28"><span class='ocrx_word' id='word_1_98' title='bbox 248 1575 383 1653; x_wconf 75' lang='lat' dir='ltr'>llis,</span> <span class='ocrx_word' id='word_1_99' title='bbox 404 1579 644 1638; x_wconf 87' lang='lat' dir='ltr'>Turcae</span> <span class='ocrx_word' id='word_1_100' title='bbox 676 1580 1084 1661; x_wconf 84' lang='lat' dir='ltr'>Imperatoris</span> <span class='ocrx_word' id='word_1_101' title='bbox 1102 1580 1358 1639; x_wconf 87' lang='lat' dir='ltr'>nomine</span> <span class='ocrx_word' id='word_1_102' title='bbox 1374 1574 1784 1661; x_wconf 88' lang='lat' dir='ltr'>praefuerunt</span> <span class='ocrx_word' id='word_1_103' title='bbox 1803 1579 1966 1635; x_wconf 84' lang='lat' dir='ltr'>San-</span> 
     </span>
     <span class='ocr_line' id='line_1_17' title="bbox 244 1663 1964 1751; baseline 0.002 -29"><span class='ocrx_word' id='word_1_104' title='bbox 244 1670 442 1742; x_wconf 74' lang='lat' dir='ltr'>giaci,</span> <span class='ocrx_word' id='word_1_105' title='bbox 462 1691 493 1726; x_wconf 92' lang='lat' dir='ltr'>a</span> <span class='ocrx_word' id='word_1_106' title='bbox 511 1668 798 1727; x_wconf 86' lang='lat' dir='ltr'>barbaris</span> <span class='ocrx_word' id='word_1_107' title='bbox 818 1670 1156 1747; x_wconf 70' lang='lat' dir='ltr'>stfforabegi</span> <span class='ocrx_word' id='word_1_108' title='bbox 1175 1667 1346 1742; x_wconf 82' lang='lat' dir='ltr'>dicti,</span> <span class='ocrx_word' id='word_1_109' title='bbox 1364 1663 1537 1747; x_wconf 82' lang='lat' dir='ltr'>cujus</span> <span class='ocrx_word' id='word_1_110' title='bbox 1555 1688 1795 1726; x_wconf 88' lang='lat' dir='ltr'>annuus</span> <span class='ocrx_word' id='word_1_111' title='bbox 1814 1688 1964 1751; x_wconf 89' lang='lat' dir='ltr'>pro-</span> 
     </span>
     <span class='ocr_line' id='line_1_18' title="bbox 248 1757 1964 1839; baseline 0.002 -27"><span class='ocrx_word' id='word_1_112' title='bbox 248 1772 470 1817; x_wconf 84' lang='lat' dir='ltr'>ventus</span> <span class='ocrx_word' id='word_1_113' title='bbox 502 1773 593 1819; x_wconf 89' lang='lat' dir='ltr'>est</span> <span class='ocrx_word' id='word_1_114' title='bbox 623 1762 719 1819; x_wconf 80' lang='lat'>14.</span> <span class='ocrx_word' id='word_1_115' title='bbox 746 1757 1013 1817; x_wconf 86' lang='lat' dir='ltr'>millium</span> <span class='ocrx_word' id='word_1_116' title='bbox 1037 1779 1392 1819; x_wconf 90' lang='lat' dir='ltr'>aureorum.</span> <span class='ocrx_word' id='word_1_117' title='bbox 1435 1757 1754 1817; x_wconf 88' lang='lat' dir='ltr'>Laconum</span> <span class='ocrx_word' id='word_1_118' title='bbox 1786 1758 1964 1839; x_wconf 81' lang='lat' dir='ltr'>regio</span> 
     </span>
     <span class='ocr_line' id='line_1_19' title="bbox 253 1844 1961 1930; baseline -0.001 -27"><span class='ocrx_word' id='word_1_119' title='bbox 253 1845 737 1907; x_wconf 82' lang='lat' dir='ltr'>celebratissima</span> <span class='ocrx_word' id='word_1_120' title='bbox 759 1846 931 1924; x_wconf 75' lang='lat' dir='ltr'>olim,</span> <span class='ocrx_word' id='word_1_121' title='bbox 952 1846 1052 1930; x_wconf 91' lang='lat' dir='ltr'>cuj</span> <span class='ocrx_word' id='word_1_122' title='bbox 1061 1870 1128 1907; x_wconf 86' lang='lat' dir='ltr'>us</span> <span class='ocrx_word' id='word_1_123' title='bbox 1149 1844 1516 1928; x_wconf 84' lang='lat' dir='ltr'>metropolis</span> <span class='ocrx_word' id='word_1_124' title='bbox 1539 1860 1673 1907; x_wconf 87' lang='lat' dir='ltr'>erat</span> <span class='ocrx_word' id='word_1_125' title='bbox 1694 1849 1961 1922; x_wconf 77' lang='lat' dir='ltr'>Sparta,</span> 
     </span>
     <span class='ocr_line' id='line_1_20' title="bbox 253 1933 1968 2016; baseline -0.001 -23"><span class='ocrx_word' id='word_1_126' title='bbox 253 1958 414 2016; x_wconf 83' lang='lat' dir='ltr'>quae</span> <span class='ocrx_word' id='word_1_127' title='bbox 445 1936 592 1996; x_wconf 88' lang='lat' dir='ltr'>alias</span> <span class='ocrx_word' id='word_1_128' title='bbox 631 1940 1069 1996; x_wconf 75' lang='lat' dir='ltr'>Lacedaemon</span> <span class='ocrx_word' id='word_1_129' title='bbox 1103 1938 1485 2010; x_wconf 80' lang='lat' dir='ltr'>vocabatur,</span> <span class='ocrx_word' id='word_1_130' title='bbox 1538 1933 1723 1996; x_wconf 90' lang='lat' dir='ltr'>hodie</span> <span class='ocrx_word' id='word_1_131' title='bbox 1770 1937 1968 1994; x_wconf 71' lang='lat' dir='ltr'>Misi-</span> 
     </span>
     <span class='ocr_line' id='line_1_21' title="bbox 250 2025 1962 2111; baseline 0.002 -30"><span class='ocrx_word' id='word_1_132' title='bbox 250 2028 405 2083; x_wconf 72' lang='lat' dir='ltr'>tlzra</span> <span class='ocrx_word' id='word_1_133' title='bbox 425 2026 678 2104; x_wconf 75' lang='lat' dir='ltr'>dicitur3</span> <span class='ocrx_word' id='word_1_134' title='bbox 693 2025 957 2087; x_wconf 88' lang='lat' dir='ltr'>condam</span> <span class='ocrx_word' id='word_1_135' title='bbox 991 2049 1211 2108; x_wconf 79' lang='lat' dir='ltr'>magna</span> <span class='ocrx_word' id='word_1_136' title='bbox 1238 2042 1300 2087; x_wconf 89' lang='lat' dir='ltr'>et</span> <span class='ocrx_word' id='word_1_137' title='bbox 1325 2039 1567 2111; x_wconf 81' lang='lat' dir='ltr'>potens,</span> <span class='ocrx_word' id='word_1_138' title='bbox 1599 2048 1725 2085; x_wconf 89' lang='lat' dir='ltr'>non</span> <span class='ocrx_word' id='word_1_139' title='bbox 1764 2026 1962 2085; x_wconf 79' lang='lat' dir='ltr'>muris</span> 
     </span>
     <span class='ocr_line' id='line_1_22' title="bbox 247 2114 1962 2198; baseline -0.001 -24"><span class='ocrx_word' id='word_1_140' title='bbox 247 2114 353 2174; x_wconf 90' lang='lat' dir='ltr'>sed</span> <span class='ocrx_word' id='word_1_141' title='bbox 400 2118 634 2175; x_wconf 84' lang='lat' dir='ltr'>civium</span> <span class='ocrx_word' id='word_1_142' title='bbox 669 2119 906 2176; x_wconf 87' lang='lat' dir='ltr'>virtute</span> <span class='ocrx_word' id='word_1_143' title='bbox 939 2114 1275 2177; x_wconf 86' lang='lat' dir='ltr'>fortissime</span> <span class='ocrx_word' id='word_1_144' title='bbox 1303 2127 1513 2197; x_wconf 88' lang='lat' dir='ltr'>septa:</span> <span class='ocrx_word' id='word_1_145' title='bbox 1556 2136 1765 2198; x_wconf 88' lang='lat' dir='ltr'>neque</span> <span class='ocrx_word' id='word_1_146' title='bbox 1811 2136 1962 2198; x_wconf 87' lang='lat' dir='ltr'>ope-</span> 
     </span>
     <span class='ocr_line' id='line_1_23' title="bbox 247 2204 1965 2289; baseline 0 -26"><span class='ocrx_word' id='word_1_147' title='bbox 247 2228 391 2263; x_wconf 84' lang='lat' dir='ltr'>rum</span> <span class='ocrx_word' id='word_1_148' title='bbox 423 2204 922 2288; x_wconf 75' lang='lat' dir='ltr'>magnificentia,</span> <span class='ocrx_word' id='word_1_149' title='bbox 971 2205 1077 2266; x_wconf 87' lang='lat' dir='ltr'>Sed</span> <span class='ocrx_word' id='word_1_150' title='bbox 1124 2204 1487 2289; x_wconf 77' lang='lat' dir='ltr'>disciplina,</span> <span class='ocrx_word' id='word_1_151' title='bbox 1534 2205 1965 2286; x_wconf 83' lang='lat' dir='ltr'>institutisque</span> 
     </span>
     <span class='ocr_line' id='line_1_24' title="bbox 248 2294 1964 2379; baseline 0.001 -28"><span class='ocrx_word' id='word_1_152' title='bbox 248 2296 546 2374; x_wconf 71' lang='lat' dir='ltr'>Lycurgi</span> <span class='ocrx_word' id='word_1_153' title='bbox 579 2318 818 2356; x_wconf 86' lang='lat' dir='ltr'>summe</span> <span class='ocrx_word' id='word_1_154' title='bbox 857 2295 1284 2356; x_wconf 82' lang='lat' dir='ltr'>memorabilis</span> <span class='ocrx_word' id='word_1_155' title='bbox 1305 2320 1320 2372; x_wconf 78' lang='lat'><em>3</em></span> <span class='ocrx_word' id='word_1_156' title='bbox 1360 2315 1520 2379; x_wconf 82' lang='lat' dir='ltr'>quae</span> <span class='ocrx_word' id='word_1_157' title='bbox 1547 2294 1798 2355; x_wconf 87' lang='lat' dir='ltr'>demum</span> <span class='ocrx_word' id='word_1_158' title='bbox 1819 2314 1964 2353; x_wconf 90' lang='lat' dir='ltr'>cum</span> 
     </span>
     <span class='ocr_line' id='line_1_25' title="bbox 248 2379 1966 2469; baseline -0.002 -26"><span class='ocrx_word' id='word_1_159' title='bbox 248 2379 648 2446; x_wconf 86' lang='lat' dir='ltr'>Athenarum</span> <span class='ocrx_word' id='word_1_160' title='bbox 691 2386 853 2446; x_wconf 85' lang='lat' dir='ltr'>urhe</span> <span class='ocrx_word' id='word_1_161' title='bbox 890 2383 968 2445; x_wconf 93' lang='lat' dir='ltr'>de</span> <span class='ocrx_word' id='word_1_162' title='bbox 1008 2387 1276 2469; x_wconf 86' lang='lat' dir='ltr'>imperio</span> <span class='ocrx_word' id='word_1_163' title='bbox 1318 2400 1380 2446; x_wconf 89' lang='lat' dir='ltr'>et</span> <span class='ocrx_word' id='word_1_164' title='bbox 1426 2388 1704 2465; x_wconf 85' lang='lat' dir='ltr'>primatu</span> <span class='ocrx_word' id='word_1_165' title='bbox 1750 2383 1966 2443; x_wconf 87' lang='lat' dir='ltr'>fortis-</span> 
     </span>
     <span class='ocr_line' id='line_1_26' title="bbox 249 2470 1963 2558; baseline -0.003 -25"><span class='ocrx_word' id='word_1_166' title='bbox 249 2476 405 2536; x_wconf 85' lang='lat' dir='ltr'>sime</span> <span class='ocrx_word' id='word_1_167' title='bbox 444 2497 724 2558; x_wconf 80' lang='lat' dir='ltr'>pugnare</span> <span class='ocrx_word' id='word_1_168' title='bbox 759 2497 886 2535; x_wconf 91' lang='lat' dir='ltr'>non</span> <span class='ocrx_word' id='word_1_169' title='bbox 918 2471 1271 2535; x_wconf 88' lang='lat' dir='ltr'>abhorruit.</span> <span class='ocrx_word' id='word_1_170' title='bbox 1306 2476 1373 2556; x_wconf 85' lang='lat' dir='ltr'>a)</span> <span class='ocrx_word' id='word_1_171' title='bbox 1413 2475 1557 2535; x_wconf 90' lang='lat' dir='ltr'>Alia</span> <span class='ocrx_word' id='word_1_172' title='bbox 1602 2475 1822 2533; x_wconf 87' lang='lat' dir='ltr'>civitas</span> <span class='ocrx_word' id='word_1_173' title='bbox 1843 2470 1963 2530; x_wconf 85' lang='lat' dir='ltr'>fuit</span> 
     </span>
     <span class='ocr_line' id='line_1_27' title="bbox 253 2563 1966 2641; baseline -0.002 -19"><span class='ocrx_word' id='word_1_174' title='bbox 253 2566 572 2641; x_wconf 75' lang='lat' dir='ltr'>Leuctra,</span> <span class='ocrx_word' id='word_1_175' title='bbox 610 2589 642 2624; x_wconf 92' lang='lat' dir='ltr'>a</span> <span class='ocrx_word' id='word_1_176' title='bbox 681 2567 845 2625; x_wconf 87' lang='lat' dir='ltr'>tristi</span> <span class='ocrx_word' id='word_1_177' title='bbox 878 2563 1391 2625; x_wconf 66' lang='lat' dir='ltr'>clade&#39;notabilis.</span> <span class='ocrx_word' id='word_1_178' title='bbox 1457 2566 1619 2625; x_wconf 87' lang='lat' dir='ltr'>Item</span> <span class='ocrx_word' id='word_1_179' title='bbox 1672 2565 1966 2639; x_wconf 74' lang='lat' dir='ltr'>Epidau-</span> 
     </span>
     <span class='ocr_line' id='line_1_28' title="bbox 253 2652 1959 2716; baseline -0.002 -5"><span class='ocrx_word' id='word_1_180' title='bbox 253 2675 364 2714; x_wconf 75' lang='lat' dir='ltr'>rus</span> <span class='ocrx_word' id='word_1_181' title='bbox 415 2652 602 2716; x_wconf 89' lang='lat' dir='ltr'>hodie</span> <span class='ocrx_word' id='word_1_182' title='bbox 658 2658 987 2714; x_wconf 71' lang='lat' dir='ltr'>Malzrasia</span> <span class='ocrx_word' id='word_1_183' title='bbox 1027 2654 1210 2713; x_wconf 87' lang='lat' dir='ltr'>dicta.</span> <span class='ocrx_word' id='word_1_184' title='bbox 1262 2657 1624 2713; x_wconf 77' lang='lat' dir='ltr'>Pausanias</span> <span class='ocrx_word' id='word_1_185' title='bbox 1667 2663 1959 2712; x_wconf 88' lang='lat' dir='ltr'>numerat</span> 
     </span>
    </p>
   </div>
   <div class='ocr_carea' id='block_1_3' title="bbox 254 2743 1963 2828">
    <p class='ocr_par' dir='ltr' id='par_1_3' title="bbox 254 2743 1963 2828">
     <span class='ocr_line' id='line_1_29' title="bbox 254 2743 1963 2828; baseline -0.002 -26"><span class='ocrx_word' id='word_1_186' title='bbox 254 2745 350 2807; x_wconf 79' lang='lat'>18.</span> <span class='ocrx_word' id='word_1_187' title='bbox 390 2745 576 2808; x_wconf 83' lang='lat' dir='ltr'>urbes</span> <span class='ocrx_word' id='word_1_188' title='bbox 607 2745 926 2806; x_wconf 89' lang='lat' dir='ltr'>Laconum</span> <span class='ocrx_word' id='word_1_189' title='bbox 958 2744 1249 2807; x_wconf 78' lang='lat' dir='ltr'>libertate</span> <span class='ocrx_word' id='word_1_190' title='bbox 1272 2743 1690 2828; x_wconf 82' lang='lat' dir='ltr'>gaudentium.</span> <span class='ocrx_word' id='word_1_191' title='bbox 1741 2743 1801 2823; x_wconf 82' lang='lat' dir='ltr'>b)</span> <span class='ocrx_word' id='word_1_192' title='bbox 1825 2743 1963 2818; x_wconf 78' lang='lat' dir='ltr'>Ly-</span> 
     </span>
    </p>
   </div>
   <div class='ocr_carea' id='block_1_4' title="bbox 254 2892 573 2910">
    <p class='ocr_par' dir='ltr' id='par_1_4' title="bbox 254 2892 573 2910">
     <span class='ocr_line' id='line_1_30' title="bbox 254 2892 573 2910; baseline 0 876"><span class='ocrx_word' id='word_1_193' title='bbox 254 2892 573 2910; x_wconf 95' lang='lat' dir='ltr'> </span> 
     </span>
    </p>
   </div>
   <div class='ocr_carea' id='block_1_5' title="bbox 320 2950 1956 3172">
    <p class='ocr_par' dir='ltr' id='par_1_5' title="bbox 320 2950 1956 3172">
     <span class='ocr_line' id='line_1_31' title="bbox 320 2950 1954 3030; baseline -0.005 -20"><span class='ocrx_word' id='word_1_194' title='bbox 320 2959 380 3030; x_wconf 83' lang='lat' dir='ltr'>a)</span> <span class='ocrx_word' id='word_1_195' title='bbox 418 2955 759 3009; x_wconf 79' lang='lat' dir='ltr'>Thucidides</span> <span class='ocrx_word' id='word_1_196' title='bbox 795 2958 852 3010; x_wconf 87' lang='lat' dir='ltr'>in</span> <span class='ocrx_word' id='word_1_197' title='bbox 886 2957 1068 3010; x_wconf 84' lang='lat' dir='ltr'>Libris</span> <span class='ocrx_word' id='word_1_198' title='bbox 1126 2954 1178 3009; x_wconf 83' lang='grc'>8.</span> <span class='ocrx_word' id='word_1_199' title='bbox 1220 2955 1490 3028; x_wconf 73' lang='lat' dir='ltr'>exposuit.</span> <span class='ocrx_word' id='word_1_200' title='bbox 1542 2952 1597 3020; x_wconf 79' lang='lat' dir='ltr'>b)</span> <span class='ocrx_word' id='word_1_201' title='bbox 1645 2952 1769 3004; x_wconf 84' lang='lat' dir='ltr'>vide</span> <span class='ocrx_word' id='word_1_202' title='bbox 1809 2950 1954 3030; x_wconf 73' lang='lat' dir='ltr'>anti-</span> 
     </span>
     <span class='ocr_line' id='line_1_32' title="bbox 411 3025 1956 3100; baseline -0.001 -24"><span class='ocrx_word' id='word_1_203' title='bbox 411 3046 541 3098; x_wconf 79' lang='lat' dir='ltr'>quas</span> <span class='ocrx_word' id='word_1_204' title='bbox 578 3029 784 3081; x_wconf 81' lang='lat' dir='ltr'>tabulas</span> <span class='ocrx_word' id='word_1_205' title='bbox 804 3028 1243 3100; x_wconf 76' lang='lat' dir='ltr'>Geograpliicas,</span> <span class='ocrx_word' id='word_1_206' title='bbox 1281 3036 1335 3079; x_wconf 80' lang='lat' dir='ltr'>et</span> <span class='ocrx_word' id='word_1_207' title='bbox 1368 3025 1956 3078; x_wconf 48' lang='lat' dir='ltr'>Gerardihsiercatons.</span> 
     </span>
     <span class='ocr_line' id='line_1_33' title="bbox 404 3096 1797 3172; baseline -0.002 -20"><span class='ocrx_word' id='word_1_208' title='bbox 404 3099 575 3157; x_wconf 71' lang='lat' dir='ltr'>Atlas.</span> <span class='ocrx_word' id='word_1_209' title='bbox 615 3100 747 3152; x_wconf 85' lang='lat' dir='ltr'>min.</span> <span class='ocrx_word' id='word_1_210' title='bbox 788 3120 822 3172; x_wconf 85' lang='lat' dir='ltr'><strong>p</strong></span> <span class='ocrx_word' id='word_1_211' title='bbox 886 3099 1181 3157; x_wconf 76' lang='lat'>562-565.</span> <span class='ocrx_word' id='word_1_212' title='bbox 1215 3099 1280 3152; x_wconf 80' lang='lat' dir='ltr'>dc</span> <span class='ocrx_word' id='word_1_213' title='bbox 1314 3098 1436 3151; x_wconf 80' lang='lat' dir='ltr'>aliis</span> <span class='ocrx_word' id='word_1_214' title='bbox 1469 3096 1797 3150; x_wconf 75' lang='lat' dir='ltr'>civitatibus,</span> 
     </span>
    </p>
   </div>
  </div>
 </body>
</html>
