2048 3786
549 231 732 278 ante
792 223 1285 278 Diluviancc.
1611 223 1690 281 59

85 422 179 459 sos
218 402 475 483 populos
522 402 780 474 mansit,
841 393 1094 482 quotam
1141 400 1460 457 consensio
1517 398 1774 458 relatam

85 492 329 563 Hloysis
361 490 418 567 c)
466 492 885 547 narrationem
911 489 1070 545 mire
1104 483 1445 544 confirmat.
1498 486 1599 543 Sic
1650 489 1778 542 Be-

84 598 260 633 rosus
306 575 665 635 Chaldaicus
695 577 968 657 scriptor
1000 576 1066 654 cl)
1099 586 1345 656 partem
1391 575 1626 654 navigii
1659 570 1779 631 hu-

84 659 179 743 jus
225 667 288 722 in
334 665 633 725 Armenia
667 662 830 745 apud
854 676 1129 722 montem
1152 659 1658 741 Cordycaeorum
1677 683 1780 720 su-

80 774 324 833 peresse
361 756 590 812 statuit.
637 752 766 811 Alii
813 750 869 830 e)
914 753 1149 808 Barim
1195 763 1472 809 montem
1525 751 1589 807 in
1653 748 1780 807 Ar-

78 841 281 899 menia
324 856 639 900 servatum
669 839 855 899 fuisse
885 837 1286 898 contendunt.
1348 838 1657 895 Abiclenus
1690 837 1782 916 f)

79 928 366 1008 Assyrius
401 932 671 1013 scriptor
729 927 877 986 facit
915 918 1298 986 mentionem
1338 927 1550 984 avium
1597 939 1695 984 ter
1745 948 1779 983 a

79 1018 395 1074 Xisatlzro
436 1021 813 1078 emissarum.
864 1016 997 1075 Imo
1044 1017 1108 1072 in
1154 1013 1446 1073 America
1486 1015 1775 1088 Peruani,

76 1117 140 1164 et
184 1105 497 1164 Mexicani
531 1104 965 1166 Universalem
1011 1101 1230 1161 mundi
1266 1101 1772 1173 inundationem,

79 1193 340 1274 picturis
375 1195 666 1277 notisque
705 1192 1020 1278 proditam
1054 1190 1133 1251 ab
1161 1193 1422 1273 antiquo
1440 1188 1669 1251 habent
1699 1192 1774 1270 g)

75 1281 406 1344 Praeterea
440 1281 519 1343 de
553 1281 792 1342 diluvio
822 1293 1128 1342 testantur
1166 1281 1353 1340 etiam
1389 1282 1777 1338 marinorum

75 1390 417 1452 corporum
462 1371 788 1453 reliquiae,
836 1391 996 1452 quae
1037 1371 1102 1426 in
1135 1365 1298 1427 hunc
1320 1367 1485 1428 diem
1520 1390 1647 1428 non
1663 1364 1778 1425 hu·-

77 1457 432 1518 milioribus
472 1459 675 1519 solum
710 1458 895 1532 locis,
965 1455 1070 1517 sed
1116 1459 1181 1515 in
1225 1456 1534 1515 altissimis
1587 1458 1774 1516 etiam

77 1547 399 1606 moutibus
440 1549 802 1606 innumerae
842 1541 1416 1628 deprehenduntur.
1463 1543 1650 1604 Multi
1686 1557 1778 1603 ta-

73 1656 219 1694 men
254 1649 534 1695 asserunt
591 1657 780 1694 unam
840 1634 1102 1693 aliamve
1153 1646 1395 1692 tantum
1453 1635 1775 1714 regionem

73 1735 221 1780 tunc
263 1722 623 1782 inundatam
649 1722 876 1798 fuisse;
923 1720 1029 1782 sed
1076 1720 1167 1779 illi
1218 1734 1409 1804 prout
1454 1721 1774 1781 Historiae

73 1809 296 1870 Sacrae
337 1825 399 1871 et
419 1809 775 1894 prophanae
815 1809 959 1871 fidei
984 1823 1372 1892 repugnant,
1423 1810 1507 1867 ita
1540 1808 1772 1868 nullam

72 1897 359 1960 idoneam
402 1920 647 1959 causam
680 1899 944 1960 reddere
990 1901 1227 1972 sciunt,
1275 1918 1389 1956 cur
1435 1919 1628 1979 aquae
1668 1897 1777 1975 {al-

71 1990 336 2047 tissimos
367 2002 610 2048 montes
650 2002 1012 2071 superantes
1042 2009 1293 2088 quaqua
1340 2006 1591 2046 versum
1646 2008 1772 2046 non

70 2075 486 2136 diffluxerint'?
541 2092 604 2138 et
647 2098 759 2136 cur
794 2079 960 2137 Deus
1026 2077 1232 2158 potius
1295 2074 1624 2150 voluisset,
1703 2089 1777 2135 ut

71 2168 205 2222 Noe
241 2187 499 2248 operose
538 2187 747 2225 arcam
770 2179 1203 2239 constlueiet
1245 2186 1432 2246 quam
1468 2162 1545 2223 de
1570 2165 1780 2247 legio-

69 2276 146 2313 ne
190 2253 577 2329 mundanda,
638 2258 703 2313 in
737 2254 920 2313 aliam
958 2255 1224 2313 transile
1262 2252 1548 2336 jussisset.

252 2344 297 2422 ᾗ.
350 2347 404 2402 4.
454 2347 690 2402 Forma
714 2346 1039 2422 regiminis
1072 2356 1214 2403 ante
1253 2340 1584 2416 diluvium,
1611 2339 1775 2424 apud

74 2452 176 2490 eos
218 2432 327 2513 qui
370 2455 404 2489 a
451 2434 636 2490 Setlzo
671 2431 1132 2494 descenderunt
1157 2477 1173 2505 ,
1220 2446 1356 2490 erat
1394 2428 1783 2489 Patriarcha—

74 2517 163 2577 lis.
212 2522 385 2580 Inter
418 2535 697 2603 posteros
728 2536 935 2581 autem
981 2522 1162 2578 Caini
1198 2523 1408 2579 variae
1447 2541 1778 2581 consurre-

73 2621 317 2667 xerunt.
366 2608 737 2684 SocietateS,
785 2625 847 2670 et
903 2611 1227 2690 tyrannica
1274 2610 1572 2692 imperia3
1620 2631 1777 2691 quo-

72 2717 212 2753 rum
250 2698 441 2755 etiam
479 2699 541 2754 in
575 2698 633 2756 S.
665 2698 993 2780 Scriptura
1007 2697 1080 2756 fit
1106 2698 1346 2758 mentio
1369 2698 1619 2756 nomine
1645 2701 1774 2755 Ne-

141 2954 200 3018 α)
238 2951 367 3004 ib1d.
405 2961 457 3003 et
492 2971 533 3002 c.
570 2949 616 3003 8.
658 2949 715 3012 b)
753 2950 896 3021 apud
931 2953 1091 3022 Josep
1098 2953 1145 3005 [1.
1171 2953 1349 3024 Antiq.
1391 2951 1514 3005 Jud.
1554 2952 1614 3004 L.
1661 2951 1706 3004 1.
1732 2971 1775 3004 c.

227 2970 1042 3171 {Docbffizolffysrffaffiesgana
1054 2971 1132 3145 l}
1149 3024 1201 3145 ἒ.
1237 3020 1779 3166 <1:.4J11ll5iaiclapg)1(.lon-

234 3172 373 3215 ston.
410 3162 601 3215 admir.
635 3163 806 3215 Elem.
841 3181 887 3213 e.
923 3161 972 3215 3.
1006 3173 1105 3216 art.
1148 3163 1193 3215 7.
