<?xml version="1.0" encoding="UTF-8"?>
<!DOCTYPE html PUBLIC "-//W3C//DTD XHTML 1.0 Transitional//EN"
    "http://www.w3.org/TR/xhtml1/DTD/xhtml1-transitional.dtd">
<html xmlns="http://www.w3.org/1999/xhtml" xml:lang="en" lang="en">
 <head>
  <title>
</title>
<meta http-equiv="Content-Type" content="text/html;charset=utf-8" />
  <meta name='ocr-system' content='tesseract 3.04.00' />
  <meta name='ocr-capabilities' content='ocr_page ocr_carea ocr_par ocr_line ocrx_word'/>
</head>
<body>
  <div class='ocr_page' id='page_1' title='image "./historiauniversa01nagy_0033.png"; bbox 0 0 2048 3786; ppageno 0'>
   <div class='ocr_carea' id='block_1_1' title="bbox 1664 250 1702 310">
    <p class='ocr_par' dir='ltr' id='par_1_1' title="bbox 1664 250 1702 310">
     <span class='ocr_line' id='line_1_1' title="bbox 1664 250 1702 310; baseline 0 0"><span class='ocrx_word' id='word_1_1' title='bbox 1664 250 1702 310; x_wconf 82' lang='lat'>5</span> 
     </span>
    </p>
   </div>
   <div class='ocr_carea' id='block_1_2' title="bbox 82 422 1795 3252">
    <p class='ocr_par' dir='ltr' id='par_1_2' title="bbox 94 422 1795 1482">
     <span class='ocr_line' id='line_1_2' title="bbox 99 422 1794 507; baseline -0.003 -17"><span class='ocrx_word' id='word_1_2' title='bbox 99 430 364 490; x_wconf 90' lang='lat' dir='ltr'><strong>tisticam</strong></span> <span class='ocrx_word' id='word_1_3' title='bbox 401 429 720 488; x_wconf 91' lang='lat' dir='ltr'><strong>notionem</strong></span> <span class='ocrx_word' id='word_1_4' title='bbox 755 423 1053 507; x_wconf 79' lang='lat' dir='ltr'>Regionis</span> <span class='ocrx_word' id='word_1_5' title='bbox 1093 422 1140 503; x_wconf 59' lang='grc' dir='ltr'><strong>ᾗ.</strong></span> <span class='ocrx_word' id='word_1_6' title='bbox 1193 424 1269 483; x_wconf 91' lang='grc' dir='ltr'><strong>ΙΙ.</strong></span> <span class='ocrx_word' id='word_1_7' title='bbox 1295 422 1691 507; x_wconf 82' lang='lat' dir='ltr'><strong>Religionem</strong></span> <span class='ocrx_word' id='word_1_8' title='bbox 1730 442 1794 488; x_wconf 88' lang='lat' dir='ltr'><strong>et</strong></span> 
     </span>
     <span class='ocr_line' id='line_1_3' title="bbox 100 511 1790 617; baseline -0.001 -40"><span class='ocrx_word' id='word_1_9' title='bbox 100 517 572 578; x_wconf 88' lang='lat' dir='ltr'><strong>consvetudines</strong></span> <span class='ocrx_word' id='word_1_10' title='bbox 608 516 842 574; x_wconf 89' lang='lat' dir='ltr'><strong>Gentis.</strong></span> <span class='ocrx_word' id='word_1_11' title='bbox 892 514 938 591; x_wconf 55' lang='grc' dir='ltr'><strong>ᾗ.</strong></span> <span class='ocrx_word' id='word_1_12' title='bbox 995 511 1106 572; x_wconf 89' lang='grc' dir='ltr'><strong>ΙΙΙ.</strong></span> <span class='ocrx_word' id='word_1_13' title='bbox 1147 512 1389 571; x_wconf 80' lang='lat' dir='ltr'>Statum</span> <span class='ocrx_word' id='word_1_14' title='bbox 1446 513 1790 617; x_wconf 83' lang='lat' dir='ltr'><strong>politicum.</strong></span> 
     </span>
     <span class='ocr_line' id='line_1_4' title="bbox 104 600 1794 684; baseline -0.001 -20"><span class='ocrx_word' id='word_1_15' title='bbox 104 607 396 666; x_wconf 81' lang='lat' dir='ltr'><strong>Foimam</strong></span> <span class='ocrx_word' id='word_1_16' title='bbox 442 605 786 684; x_wconf 86' lang='lat' dir='ltr'><strong>Regiminis</strong></span> <span class='ocrx_word' id='word_1_17' title='bbox 822 621 890 660; x_wconf 87' lang='lat' dir='ltr'><strong>ac</strong></span> <span class='ocrx_word' id='word_1_18' title='bbox 915 601 1126 681; x_wconf 81' lang='lat' dir='ltr'><strong>Leges.</strong></span> <span class='ocrx_word' id='word_1_19' title='bbox 1149 601 1195 679; x_wconf 78' lang='lat'>§</span> <span class='ocrx_word' id='word_1_20' title='bbox 1224 602 1330 659; x_wconf 91' lang='lat' dir='ltr'><strong>IV.</strong></span> <span class='ocrx_word' id='word_1_21' title='bbox 1355 600 1523 662; x_wconf 87' lang='lat' dir='ltr'><strong>Bella</strong></span> <span class='ocrx_word' id='word_1_22' title='bbox 1550 606 1794 684; x_wconf 83' lang='lat' dir='ltr'><strong>praeci-</strong></span> 
     </span>
     <span class='ocr_line' id='line_1_5' title="bbox 95 645 1792 778; baseline -0.002 -26"><span class='ocrx_word' id='word_1_23' title='bbox 95 718 233 778; x_wconf 88' lang='lat' dir='ltr'><strong>pua.</strong></span> <span class='ocrx_word' id='word_1_24' title='bbox 302 695 346 772; x_wconf 79' lang='lat'><strong>§.</strong></span> <span class='ocrx_word' id='word_1_25' title='bbox 404 694 479 752; x_wconf 88' lang='lat' dir='ltr'><strong>V.</strong></span> <span class='ocrx_word' id='word_1_26' title='bbox 527 692 778 749; x_wconf 90' lang='lat' dir='ltr'><strong>Artium</strong></span> <span class='ocrx_word' id='word_1_27' title='bbox 827 704 889 750; x_wconf 93' lang='lat' dir='ltr'><strong>et</strong></span> <span class='ocrx_word' id='word_1_28' title='bbox 948 645 1304 748; x_wconf 77' lang='lat' dir='ltr'><strong>Literaium</strong></span> <span class='ocrx_word' id='word_1_29' title='bbox 1351 711 1792 771; x_wconf 85' lang='lat' dir='ltr'><strong>progressum,</strong></span> 
     </span>
     <span class='ocr_line' id='line_1_6' title="bbox 100 777 1795 864; baseline -0.001 -24"><span class='ocrx_word' id='word_1_30' title='bbox 100 783 273 842; x_wconf 85' lang='lat' dir='ltr'><strong>velut</strong></span> <span class='ocrx_word' id='word_1_31' title='bbox 319 784 382 838; x_wconf 92' lang='lat' dir='ltr'><strong>in</strong></span> <span class='ocrx_word' id='word_1_32' title='bbox 424 779 674 864; x_wconf 87' lang='lat' dir='ltr'><strong>speculo</strong></span> <span class='ocrx_word' id='word_1_33' title='bbox 711 801 838 837; x_wconf 94' lang='lat' dir='ltr'><strong>uno</strong></span> <span class='ocrx_word' id='word_1_34' title='bbox 880 777 1104 836; x_wconf 86' lang='lat' dir='ltr'><strong>obtutu</strong></span> <span class='ocrx_word' id='word_1_35' title='bbox 1130 778 1337 835; x_wconf 90' lang='lat' dir='ltr'><strong>cuncti</strong></span> <span class='ocrx_word' id='word_1_36' title='bbox 1364 777 1598 860; x_wconf 82' lang='lat' dir='ltr'><strong>absque</strong></span> <span class='ocrx_word' id='word_1_37' title='bbox 1637 777 1795 839; x_wconf 82' lang='lat' dir='ltr'><strong>diffi-</strong></span> 
     </span>
     <span class='ocr_line' id='line_1_7' title="bbox 97 862 1793 947; baseline -0.001 -19"><span class='ocrx_word' id='word_1_38' title='bbox 97 870 322 928; x_wconf 88' lang='lat' dir='ltr'><strong>cultate</strong></span> <span class='ocrx_word' id='word_1_39' title='bbox 375 871 772 928; x_wconf 80' lang='lat' dir='ltr'><strong>intueantur</strong></span> <span class='ocrx_word' id='word_1_40' title='bbox 759 906 773 941; x_wconf 85' lang='lat'><strong>,</strong></span> <span class='ocrx_word' id='word_1_41' title='bbox 841 888 968 947; x_wconf 83' lang='lat' dir='ltr'><strong>quo</strong></span> <span class='ocrx_word' id='word_1_42' title='bbox 1027 867 1214 926; x_wconf 86' lang='lat' dir='ltr'><strong>etiam</strong></span> <span class='ocrx_word' id='word_1_43' title='bbox 1272 862 1415 939; x_wconf 90' lang='lat' dir='ltr'><strong>fiet,</strong></span> <span class='ocrx_word' id='word_1_44' title='bbox 1491 880 1561 926; x_wconf 89' lang='lat' dir='ltr'><strong>ut</strong></span> <span class='ocrx_word' id='word_1_45' title='bbox 1607 870 1793 928; x_wconf 90' lang='lat' dir='ltr'><strong>unius</strong></span> 
     </span>
     <span class='ocr_line' id='line_1_8' title="bbox 95 952 1792 1041; baseline -0.001 -24"><span class='ocrx_word' id='word_1_46' title='bbox 95 959 378 1041; x_wconf 79' lang='lat' dir='ltr'><strong>corpolis</strong></span> <span class='ocrx_word' id='word_1_47' title='bbox 409 960 600 1016; x_wconf 90' lang='lat' dir='ltr'><strong>instar</strong></span> <span class='ocrx_word' id='word_1_48' title='bbox 640 957 916 1014; x_wconf 90' lang='lat' dir='ltr'><strong>Historia</strong></span> <span class='ocrx_word' id='word_1_49' title='bbox 956 952 1293 1014; x_wconf 79' lang='lat' dir='ltr'><strong>cohaereat.</strong></span> <span class='ocrx_word' id='word_1_50' title='bbox 1357 954 1563 1030; x_wconf 88' lang='lat' dir='ltr'><strong>Hinc,</strong></span> <span class='ocrx_word' id='word_1_51' title='bbox 1631 977 1792 1037; x_wconf 87' lang='lat' dir='ltr'><strong>quo-</strong></span> 
     </span>
     <span class='ocr_line' id='line_1_9' title="bbox 97 1043 1790 1125; baseline 0 -21"><span class='ocrx_word' id='word_1_52' title='bbox 97 1049 264 1105; x_wconf 91' lang='lat' dir='ltr'><strong>niam</strong></span> <span class='ocrx_word' id='word_1_53' title='bbox 288 1046 565 1104; x_wconf 87' lang='lat' dir='ltr'><strong>Historia</strong></span> <span class='ocrx_word' id='word_1_54' title='bbox 605 1046 861 1125; x_wconf 87' lang='lat' dir='ltr'><strong>antiqua</strong></span> <span class='ocrx_word' id='word_1_55' title='bbox 915 1044 1100 1102; x_wconf 85' lang='lat' dir='ltr'><strong>Sacra</strong></span> <span class='ocrx_word' id='word_1_56' title='bbox 1152 1067 1185 1100; x_wconf 93' lang='lat' dir='ltr'><strong>a</strong></span> <span class='ocrx_word' id='word_1_57' title='bbox 1214 1044 1535 1104; x_wconf 87' lang='lat' dir='ltr'><strong>creatione</strong></span> <span class='ocrx_word' id='word_1_58' title='bbox 1571 1043 1790 1104; x_wconf 88' lang='lat' dir='ltr'><strong>mundi</strong></span> 
     </span>
     <span class='ocr_line' id='line_1_10' title="bbox 96 1128 1794 1217; baseline -0.001 -24"><span class='ocrx_word' id='word_1_59' title='bbox 96 1135 435 1217; x_wconf 78' lang='lat' dir='ltr'><strong>incipiens,</strong></span> <span class='ocrx_word' id='word_1_60' title='bbox 481 1133 596 1193; x_wconf 90' lang='lat' dir='ltr'><strong>sub</strong></span> <span class='ocrx_word' id='word_1_61' title='bbox 635 1146 905 1215; x_wconf 88' lang='lat' dir='ltr'><strong>quatuor</strong></span> <span class='ocrx_word' id='word_1_62' title='bbox 941 1123 1323 1190; x_wconf 88' lang='lat' dir='ltr'><strong>Monarchiis</strong></span> <span class='ocrx_word' id='word_1_63' title='bbox 1369 1132 1452 1190; x_wconf 84' lang='lat' dir='ltr'><strong>ob</strong></span> <span class='ocrx_word' id='word_1_64' title='bbox 1498 1132 1794 1193; x_wconf 87' lang='lat' dir='ltr'><strong>Gentilis-</strong></span> 
     </span>
     <span class='ocr_line' id='line_1_11' title="bbox 94 1220 1792 1304; baseline 0 -22"><span class='ocrx_word' id='word_1_65' title='bbox 94 1247 267 1282; x_wconf 87' lang='lat' dir='ltr'><strong>mum</strong></span> <span class='ocrx_word' id='word_1_66' title='bbox 302 1220 749 1304; x_wconf 82' lang='lat' dir='ltr'><strong>comprehendi</strong></span> <span class='ocrx_word' id='word_1_67' title='bbox 789 1234 1097 1303; x_wconf 70' lang='lat' dir='ltr'><strong>nequeat,</strong></span> <span class='ocrx_word' id='word_1_68' title='bbox 1144 1240 1390 1279; x_wconf 88' lang='lat' dir='ltr'><strong>necesse</strong></span> <span class='ocrx_word' id='word_1_69' title='bbox 1425 1234 1548 1296; x_wconf 84' lang='lat' dir='ltr'><strong>est,</strong></span> <span class='ocrx_word' id='word_1_70' title='bbox 1613 1236 1792 1282; x_wconf 81' lang='lat' dir='ltr'><strong>ante—</strong></span> 
     </span>
     <span class='ocr_line' id='line_1_12' title="bbox 95 1306 1791 1395; baseline 0.001 -25"><span class='ocrx_word' id='word_1_71' title='bbox 95 1335 284 1395; x_wconf 86' lang='lat' dir='ltr'><strong>quam</strong></span> <span class='ocrx_word' id='word_1_72' title='bbox 324 1311 401 1369; x_wconf 88' lang='lat' dir='ltr'><strong>ad</strong></span> <span class='ocrx_word' id='word_1_73' title='bbox 446 1311 630 1369; x_wconf 88' lang='lat' dir='ltr'><strong>telam</strong></span> <span class='ocrx_word' id='word_1_74' title='bbox 677 1323 952 1368; x_wconf 90' lang='lat' dir='ltr'><strong>nostram</strong></span> <span class='ocrx_word' id='word_1_75' title='bbox 1007 1306 1524 1391; x_wconf 78' lang='lat' dir='ltr'><strong>progrediamur,</strong></span> <span class='ocrx_word' id='word_1_76' title='bbox 1574 1310 1791 1371; x_wconf 84' lang='lat' dir='ltr'><strong>Histo-</strong></span> 
     </span>
     <span class='ocr_line' id='line_1_13' title="bbox 94 1395 1589 1482; baseline -0.003 -21"><span class='ocrx_word' id='word_1_77' title='bbox 94 1405 256 1461; x_wconf 88' lang='lat' dir='ltr'><strong>riam</strong></span> <span class='ocrx_word' id='word_1_78' title='bbox 289 1398 512 1482; x_wconf 88' lang='lat' dir='ltr'><strong>Populi</strong></span> <span class='ocrx_word' id='word_1_79' title='bbox 552 1399 691 1458; x_wconf 88' lang='lat' dir='ltr'><strong>DEI</strong></span> <span class='ocrx_word' id='word_1_80' title='bbox 735 1397 1036 1457; x_wconf 83' lang='lat' dir='ltr'><strong>hrevibus</strong></span> <span class='ocrx_word' id='word_1_81' title='bbox 1081 1395 1422 1458; x_wconf 86' lang='lat' dir='ltr'><strong>absolvere.</strong></span> <span class='ocrx_word' id='word_1_82' title='bbox 1584 1395 1589 1401; x_wconf 69' lang='grc'><strong>’</strong></span> 
     </span>
    </p>

    <p class='ocr_par' dir='ltr' id='par_1_3' title="bbox 84 1485 1794 2808">
     <span class='ocr_line' id='line_1_14' title="bbox 253 1485 1785 1568; baseline 0.001 -22"><span class='ocrx_word' id='word_1_83' title='bbox 253 1490 299 1568; x_wconf 60' lang='grc' dir='ltr'><strong>ᾗ.</strong></span> <span class='ocrx_word' id='word_1_84' title='bbox 351 1491 405 1548; x_wconf 84' lang='grc'><strong>5.</strong></span> <span class='ocrx_word' id='word_1_85' title='bbox 454 1491 651 1544; x_wconf 74' lang='lat' dir='ltr'><strong>Finis,</strong></span> <span class='ocrx_word' id='word_1_86' title='bbox 701 1487 1019 1545; x_wconf 77' lang='lat' dir='ltr'><strong>Historiae</strong></span> <span class='ocrx_word' id='word_1_87' title='bbox 1037 1485 1419 1545; x_wconf 79' lang='lat' dir='ltr'><strong>Universalis</strong></span> <span class='ocrx_word' id='word_1_88' title='bbox 1454 1501 1785 1560; x_wconf 15' lang='lat' dir='ltr'><strong>est-rerum</strong></span> 
     </span>
     <span class='ocr_line' id='line_1_15' title="bbox 96 1572 1791 1660; baseline 0.002 -28"><span class='ocrx_word' id='word_1_89' title='bbox 96 1587 404 1655; x_wconf 86' lang='lat' dir='ltr'><strong>gestarum</strong></span> <span class='ocrx_word' id='word_1_90' title='bbox 422 1577 643 1634; x_wconf 89' lang='lat' dir='ltr'><strong>notitia</strong></span> <span class='ocrx_word' id='word_1_91' title='bbox 678 1576 985 1659; x_wconf 85' lang='lat' dir='ltr'><strong>practica,</strong></span> <span class='ocrx_word' id='word_1_92' title='bbox 1026 1573 1102 1632; x_wconf 90' lang='lat' dir='ltr'><strong>ad</strong></span> <span class='ocrx_word' id='word_1_93' title='bbox 1144 1572 1542 1656; x_wconf 80' lang='lat' dir='ltr'><strong>prudentiam</strong></span> <span class='ocrx_word' id='word_1_94' title='bbox 1575 1580 1791 1660; x_wconf 85' lang='lat' dir='ltr'><strong>acqui-</strong></span> 
     </span>
     <span class='ocr_line' id='line_1_16' title="bbox 93 1661 1794 1746; baseline 0.002 -28"><span class='ocrx_word' id='word_1_95' title='bbox 93 1664 352 1724; x_wconf 87' lang='lat' dir='ltr'><strong>rendam</strong></span> <span class='ocrx_word' id='word_1_96' title='bbox 382 1663 663 1724; x_wconf 89' lang='lat' dir='ltr'><strong>ordinata</strong></span> <span class='ocrx_word' id='word_1_97' title='bbox 685 1709 700 1738; x_wconf 91' lang='lat'><strong>,</strong></span> <span class='ocrx_word' id='word_1_98' title='bbox 741 1677 811 1720; x_wconf 90' lang='lat' dir='ltr'><strong>ut</strong></span> <span class='ocrx_word' id='word_1_99' title='bbox 845 1685 913 1722; x_wconf 90' lang='lat' dir='ltr'><strong>ea</strong></span> <span class='ocrx_word' id='word_1_100' title='bbox 939 1661 1015 1721; x_wconf 86' lang='lat' dir='ltr'><strong>ad</strong></span> <span class='ocrx_word' id='word_1_101' title='bbox 1052 1662 1210 1721; x_wconf 89' lang='lat' dir='ltr'><strong>bene</strong></span> <span class='ocrx_word' id='word_1_102' title='bbox 1231 1662 1536 1746; x_wconf 87' lang='lat' dir='ltr'><strong>beateque</strong></span> <span class='ocrx_word' id='word_1_103' title='bbox 1568 1668 1794 1726; x_wconf 85' lang='lat' dir='ltr'><strong>viven-</strong></span> 
     </span>
     <span class='ocr_line' id='line_1_17' title="bbox 90 1747 1791 1812; baseline 0.002 -7"><span class='ocrx_word' id='word_1_104' title='bbox 90 1747 239 1810; x_wconf 90' lang='lat' dir='ltr'><strong>dum</strong></span> <span class='ocrx_word' id='word_1_105' title='bbox 281 1756 673 1810; x_wconf 86' lang='lat' dir='ltr'><strong>instruamur.</strong></span> <span class='ocrx_word' id='word_1_106' title='bbox 745 1749 926 1809; x_wconf 87' lang='lat' dir='ltr'><strong>Unde</strong></span> <span class='ocrx_word' id='word_1_107' title='bbox 972 1772 1206 1807; x_wconf 83' lang='lat' dir='ltr'><strong>summa</strong></span> <span class='ocrx_word' id='word_1_108' title='bbox 1256 1751 1569 1812; x_wconf 84' lang='lat' dir='ltr'><strong>Historiae</strong></span> <span class='ocrx_word' id='word_1_109' title='bbox 1613 1753 1791 1812; x_wconf 86' lang='lat' dir='ltr'><strong>utili-</strong></span> 
     </span>
     <span class='ocr_line' id='line_1_18' title="bbox 92 1837 1788 1924; baseline -0.001 -28"><span class='ocrx_word' id='word_1_110' title='bbox 92 1851 178 1899; x_wconf 87' lang='lat' dir='ltr'><strong>tas</strong></span> <span class='ocrx_word' id='word_1_111' title='bbox 210 1855 409 1924; x_wconf 79' lang='lat' dir='ltr'><strong>patet,</strong></span> <span class='ocrx_word' id='word_1_112' title='bbox 453 1838 529 1897; x_wconf 88' lang='lat' dir='ltr'><strong>ad</strong></span> <span class='ocrx_word' id='word_1_113' title='bbox 588 1840 867 1922; x_wconf 80' lang='lat' dir='ltr'><strong>privatae</strong></span> <span class='ocrx_word' id='word_1_114' title='bbox 944 1852 1004 1897; x_wconf 84' lang='lat' dir='ltr'><strong>et</strong></span> <span class='ocrx_word' id='word_1_115' title='bbox 1044 1837 1334 1920; x_wconf 86' lang='lat' dir='ltr'><strong>politicae</strong></span> <span class='ocrx_word' id='word_1_116' title='bbox 1403 1839 1788 1902; x_wconf 76' lang='lat' dir='ltr'><strong>Prudentiae</strong></span> 
     </span>
     <span class='ocr_line' id='line_1_19' title="bbox 89 1924 1788 2012; baseline 0.002 -26"><span class='ocrx_word' id='word_1_117' title='bbox 89 1927 405 2012; x_wconf 87' lang='lat' dir='ltr'><strong>Principia</strong></span> <span class='ocrx_word' id='word_1_118' title='bbox 446 1927 863 2010; x_wconf 70' lang='lat' dir='ltr'><strong>acquirenda,</strong></span> <span class='ocrx_word' id='word_1_119' title='bbox 911 1925 987 1983; x_wconf 87' lang='lat' dir='ltr'><strong>ad</strong></span> <span class='ocrx_word' id='word_1_120' title='bbox 1022 1924 1485 1986; x_wconf 88' lang='lat' dir='ltr'><strong>informandum</strong></span> <span class='ocrx_word' id='word_1_121' title='bbox 1544 1930 1788 1990; x_wconf 88' lang='lat' dir='ltr'><strong>intelle-</strong></span> 
     </span>
     <span class='ocr_line' id='line_1_20' title="bbox 87 2014 1789 2089; baseline 0.001 -12"><span class='ocrx_word' id='word_1_122' title='bbox 87 2034 293 2087; x_wconf 82' lang='lat' dir='ltr'><strong>ctum,</strong></span> <span class='ocrx_word' id='word_1_123' title='bbox 336 2016 802 2077; x_wconf 85' lang='lat' dir='ltr'><strong>reformandum</strong></span> <span class='ocrx_word' id='word_1_124' title='bbox 827 2014 1146 2089; x_wconf 80' lang='lat' dir='ltr'><strong>affectum3</strong></span> <span class='ocrx_word' id='word_1_125' title='bbox 1197 2014 1274 2073; x_wconf 86' lang='lat' dir='ltr'><strong>ad</strong></span> <span class='ocrx_word' id='word_1_126' title='bbox 1312 2038 1525 2076; x_wconf 84' lang='lat' dir='ltr'><strong>veram</strong></span> <span class='ocrx_word' id='word_1_127' title='bbox 1571 2017 1789 2078; x_wconf 87' lang='lat' dir='ltr'><strong>Fidem</strong></span> 
     </span>
     <span class='ocr_line' id='line_1_21' title="bbox 90 2102 1789 2180; baseline -0.001 -14"><span class='ocrx_word' id='word_1_128' title='bbox 90 2105 584 2180; x_wconf 84' lang='lat' dir='ltr'><strong>defendendam,</strong></span> <span class='ocrx_word' id='word_1_129' title='bbox 630 2119 694 2165; x_wconf 89' lang='lat' dir='ltr'><strong>et</strong></span> <span class='ocrx_word' id='word_1_130' title='bbox 732 2125 978 2164; x_wconf 86' lang='lat' dir='ltr'><strong>erroles</strong></span> <span class='ocrx_word' id='word_1_131' title='bbox 1018 2102 1424 2180; x_wconf 81' lang='lat' dir='ltr'><strong>refellendos3</strong></span> <span class='ocrx_word' id='word_1_132' title='bbox 1475 2104 1552 2163; x_wconf 88' lang='lat' dir='ltr'><strong>ad.</strong></span> <span class='ocrx_word' id='word_1_133' title='bbox 1598 2108 1789 2168; x_wconf 84' lang='lat' dir='ltr'><strong>Rem-</strong></span> 
     </span>
     <span class='ocr_line' id='line_1_22' title="bbox 90 2150 1790 2281; baseline 0 -27"><span class='ocrx_word' id='word_1_134' title='bbox 90 2196 404 2281; x_wconf 83' lang='lat' dir='ltr'><strong>publicam</strong></span> <span class='ocrx_word' id='word_1_135' title='bbox 442 2150 684 2254; x_wconf 77' lang='lat' dir='ltr'><strong>&#39;utilitei</strong></span> <span class='ocrx_word' id='word_1_136' title='bbox 727 2192 1315 2268; x_wconf 89' lang='lat' dir='ltr'><strong>administrandam</strong></span> <span class='ocrx_word' id='word_1_137' title='bbox 1364 2192 1441 2252; x_wconf 85' lang='lat' dir='ltr'><strong>ad</strong></span> <span class='ocrx_word' id='word_1_138' title='bbox 1481 2197 1603 2256; x_wconf 89' lang='lat' dir='ltr'><strong>rite</strong></span> <span class='ocrx_word' id='word_1_139' title='bbox 1633 2217 1790 2255; x_wconf 82' lang='lat' dir='ltr'><strong>con-</strong></span> 
     </span>
     <span class='ocr_line' id='line_1_23' title="bbox 87 2279 1788 2366; baseline -0.001 -22"><span class='ocrx_word' id='word_1_140' title='bbox 87 2283 445 2358; x_wconf 85' lang='lat' dir='ltr'><strong>sulendum,</strong></span> <span class='ocrx_word' id='word_1_141' title='bbox 482 2305 549 2341; x_wconf 93' lang='lat' dir='ltr'><strong>ac</strong></span> <span class='ocrx_word' id='word_1_142' title='bbox 590 2280 745 2364; x_wconf 80' lang='lat' dir='ltr'><strong>juste</strong></span> <span class='ocrx_word' id='word_1_143' title='bbox 797 2279 1200 2364; x_wconf 87' lang='lat' dir='ltr'><strong>judicandum</strong></span> <span class='ocrx_word' id='word_1_144' title='bbox 1258 2303 1336 2341; x_wconf 79' lang='lat' dir='ltr'><strong>ex</strong></span> <span class='ocrx_word' id='word_1_145' title='bbox 1390 2286 1788 2366; x_wconf 82' lang='lat' dir='ltr'><strong>praeteritiS,</strong></span> 
     </span>
     <span class='ocr_line' id='line_1_24' title="bbox 87 2330 1793 2457; baseline -0.001 -26"><span class='ocrx_word' id='word_1_146' title='bbox 87 2388 149 2434; x_wconf 90' lang='lat' dir='ltr'><strong>et</strong></span> <span class='ocrx_word' id='word_1_147' title='bbox 195 2373 273 2433; x_wconf 90' lang='lat' dir='ltr'><strong>de</strong></span> <span class='ocrx_word' id='word_1_148' title='bbox 327 2330 591 2448; x_wconf 71' lang='lat' dir='ltr'><strong>futiiri53</strong></span> <span class='ocrx_word' id='word_1_149' title='bbox 639 2370 715 2429; x_wconf 86' lang='lat' dir='ltr'><strong>ad</strong></span> <span class='ocrx_word' id='word_1_150' title='bbox 755 2371 1037 2429; x_wconf 90' lang='lat' dir='ltr'><strong>omnium</strong></span> <span class='ocrx_word' id='word_1_151' title='bbox 1082 2371 1390 2430; x_wconf 79' lang='lat' dir='ltr'><strong>Scientiai</strong></span> <span class='ocrx_word' id='word_1_152' title='bbox 1377 2394 1498 2432; x_wconf 91' lang='lat' dir='ltr'><strong>um</strong></span> <span class='ocrx_word' id='word_1_153' title='bbox 1547 2373 1793 2457; x_wconf 88' lang='lat' dir='ltr'><strong>plenio-</strong></span> 
     </span>
     <span class='ocr_line' id='line_1_25' title="bbox 88 2457 1792 2542; baseline -0.002 -21"><span class='ocrx_word' id='word_1_154' title='bbox 88 2486 221 2523; x_wconf 89' lang='lat' dir='ltr'><strong>rem</strong></span> <span class='ocrx_word' id='word_1_155' title='bbox 259 2463 543 2521; x_wconf 87' lang='lat' dir='ltr'><strong>notitiam</strong></span> <span class='ocrx_word' id='word_1_156' title='bbox 584 2457 1051 2542; x_wconf 76' lang='lat' dir='ltr'><strong>possidendam3</strong></span> <span class='ocrx_word' id='word_1_157' title='bbox 1098 2457 1175 2517; x_wconf 87' lang='lat' dir='ltr'><strong>ad</strong></span> <span class='ocrx_word' id='word_1_158' title='bbox 1218 2459 1516 2522; x_wconf 85' lang='lat' dir='ltr'><strong>Divinam</strong></span> <span class='ocrx_word' id='word_1_159' title='bbox 1566 2463 1792 2522; x_wconf 80' lang='lat' dir='ltr'><strong>Provi-</strong></span> 
     </span>
     <span class='ocr_line' id='line_1_26' title="bbox 87 2547 1791 2634; baseline -0.001 -26"><span class='ocrx_word' id='word_1_160' title='bbox 87 2550 393 2625; x_wconf 85' lang='lat' dir='ltr'><strong>dentiam,</strong></span> <span class='ocrx_word' id='word_1_161' title='bbox 441 2549 746 2609; x_wconf 85' lang='lat' dir='ltr'><strong>Iustitiam</strong></span> <span class='ocrx_word' id='word_1_162' title='bbox 772 2593 786 2620; x_wconf 89' lang='lat'><strong>,</strong></span> <span class='ocrx_word' id='word_1_163' title='bbox 835 2547 1355 2624; x_wconf 86' lang='lat' dir='ltr'><strong>Misericordiam,</strong></span> <span class='ocrx_word' id='word_1_164' title='bbox 1389 2552 1791 2634; x_wconf 81' lang='lat' dir='ltr'><strong>omnipoten-</strong></span> 
     </span>
     <span class='ocr_line' id='line_1_27' title="bbox 88 2636 1786 2722; baseline -0.001 -24"><span class='ocrx_word' id='word_1_165' title='bbox 88 2643 232 2698; x_wconf 91' lang='lat' dir='ltr'><strong>tiam</strong></span> <span class='ocrx_word' id='word_1_166' title='bbox 271 2654 383 2699; x_wconf 77' lang='lat' dir='ltr'><strong>etC.</strong></span> <span class='ocrx_word' id='word_1_167' title='bbox 434 2636 766 2722; x_wconf 85' lang='lat' dir='ltr'><strong>perfectius</strong></span> <span class='ocrx_word' id='word_1_168' title='bbox 806 2636 1313 2717; x_wconf 85' lang='lat' dir='ltr'><strong>cognoscendam.</strong></span> <span class='ocrx_word' id='word_1_169' title='bbox 1365 2638 1613 2699; x_wconf 88' lang='lat' dir='ltr'><strong>Verbo:</strong></span> <span class='ocrx_word' id='word_1_170' title='bbox 1668 2639 1786 2698; x_wconf 83' lang='lat' dir='ltr'><strong>Hi-</strong></span> 
     </span>
     <span class='ocr_line' id='line_1_28' title="bbox 84 2729 1580 2808; baseline -0.001 -21"><span class='ocrx_word' id='word_1_171' title='bbox 84 2729 336 2788; x_wconf 87' lang='lat' dir='ltr'><strong>storiam</strong></span> <span class='ocrx_word' id='word_1_172' title='bbox 375 2729 646 2799; x_wconf 87' lang='lat' dir='ltr'><strong>nescire,</strong></span> <span class='ocrx_word' id='word_1_173' title='bbox 697 2739 788 2784; x_wconf 84' lang='lat' dir='ltr'><strong>est</strong></span> <span class='ocrx_word' id='word_1_174' title='bbox 834 2746 1082 2806; x_wconf 84' lang='lat' dir='ltr'><strong>semper</strong></span> <span class='ocrx_word' id='word_1_175' title='bbox 1125 2748 1391 2808; x_wconf 86' lang='lat' dir='ltr'><strong>puerum</strong></span> <span class='ocrx_word' id='word_1_176' title='bbox 1437 2749 1580 2788; x_wconf 89' lang='lat' dir='ltr'><strong>esse.</strong></span> 
     </span>
    </p>

    <p class='ocr_par' dir='ltr' id='par_1_4' title="bbox 82 2811 1785 3155">
     <span class='ocr_line' id='line_1_29' title="bbox 242 2811 1783 2896; baseline -0.001 -22"><span class='ocrx_word' id='word_1_177' title='bbox 242 2819 288 2896; x_wconf 58' lang='grc' dir='ltr'><strong>ᾗ.</strong></span> <span class='ocrx_word' id='word_1_178' title='bbox 343 2819 399 2876; x_wconf 80' lang='lat'><strong>4.</strong></span> <span class='ocrx_word' id='word_1_179' title='bbox 448 2820 689 2873; x_wconf 80' lang='lat' dir='ltr'><strong>Fontes,</strong></span> <span class='ocrx_word' id='word_1_180' title='bbox 717 2814 912 2895; x_wconf 80' lang='lat' dir='ltr'><strong>Origo</strong></span> <span class='ocrx_word' id='word_1_181' title='bbox 932 2811 1046 2871; x_wconf 87' lang='lat' dir='ltr'><strong>fuit</strong></span> <span class='ocrx_word' id='word_1_182' title='bbox 1069 2816 1578 2873; x_wconf 78' lang='lat' dir='ltr'><strong>immortalitatis</strong></span> <span class='ocrx_word' id='word_1_183' title='bbox 1604 2837 1783 2874; x_wconf 79' lang='lat' dir='ltr'><strong>amor</strong></span> 
     </span>
     <span class='ocr_line' id='line_1_30' title="bbox 82 2900 1785 2983; baseline -0.001 -21"><span class='ocrx_word' id='word_1_184' title='bbox 82 2904 432 2965; x_wconf 84' lang='lat' dir='ltr'><strong>hominibus</strong></span> <span class='ocrx_word' id='word_1_185' title='bbox 477 2907 764 2975; x_wconf 82' lang='lat' dir='ltr'><strong>innatuS,</strong></span> <span class='ocrx_word' id='word_1_186' title='bbox 814 2904 922 2983; x_wconf 84' lang='lat' dir='ltr'><strong>qui</strong></span> <span class='ocrx_word' id='word_1_187' title='bbox 966 2924 1069 2961; x_wconf 91' lang='lat' dir='ltr'><strong>eos</strong></span> <span class='ocrx_word' id='word_1_188' title='bbox 1113 2900 1500 2978; x_wconf 87' lang='lat' dir='ltr'><strong>stimulavit,</strong></span> <span class='ocrx_word' id='word_1_189' title='bbox 1547 2916 1617 2962; x_wconf 88' lang='lat' dir='ltr'><strong>ut</strong></span> <span class='ocrx_word' id='word_1_190' title='bbox 1657 2926 1785 2978; x_wconf 86' lang='lat' dir='ltr'><strong>sua,</strong></span> 
     </span>
     <span class='ocr_line' id='line_1_31' title="bbox 86 2990 1785 3076; baseline -0.002 -23"><span class='ocrx_word' id='word_1_191' title='bbox 86 3010 146 3053; x_wconf 91' lang='lat' dir='ltr'><strong>et</strong></span> <span class='ocrx_word' id='word_1_192' title='bbox 189 2993 579 3076; x_wconf 62' lang='lat' dir='ltr'><strong>&#39;Majorgum</strong></span> <span class='ocrx_word' id='word_1_193' title='bbox 546 3006 709 3051; x_wconf 65' lang='lat' dir='ltr'><strong>‘resta</strong></span> <span class='ocrx_word' id='word_1_194' title='bbox 754 2991 1023 3051; x_wconf 86' lang='lat' dir='ltr'><strong>Posteris</strong></span> <span class='ocrx_word' id='word_1_195' title='bbox 1056 2991 1508 3072; x_wconf 80' lang='lat' dir='ltr'><strong>consignalent.</strong></span> <span class='ocrx_word' id='word_1_196' title='bbox 1551 2990 1785 3074; x_wconf 88' lang='lat' dir='ltr'><strong>Hujus-</strong></span> 
     </span>
     <span class='ocr_line' id='line_1_32' title="bbox 88 3078 1784 3155; baseline -0.002 -14"><span class='ocrx_word' id='word_1_197' title='bbox 88 3083 253 3143; x_wconf 84' lang='lat' dir='ltr'><strong>modi</strong></span> <span class='ocrx_word' id='word_1_198' title='bbox 295 3088 520 3141; x_wconf 77' lang='lat' dir='ltr'><strong>Fontes</strong></span> <span class='ocrx_word' id='word_1_199' title='bbox 565 3079 663 3140; x_wconf 56' lang='lat' dir='ltr'><strong>wel</strong></span> <span class='ocrx_word' id='word_1_200' title='bbox 703 3093 845 3138; x_wconf 86' lang='lat' dir='ltr'><strong>sunt</strong></span> <span class='ocrx_word' id='word_1_201' title='bbox 881 3082 1068 3136; x_wconf 65' lang='lat' dir='ltr'><strong>Licet</strong></span> <span class='ocrx_word' id='word_1_202' title='bbox 1072 3082 1166 3136; x_wconf 80' lang='lat' dir='ltr'><strong>ati</strong></span> <span class='ocrx_word' id='word_1_203' title='bbox 1190 3125 1205 3155; x_wconf 91' lang='lat'><strong>,</strong></span> <span class='ocrx_word' id='word_1_204' title='bbox 1268 3078 1369 3140; x_wconf 82' lang='lat' dir='ltr'><strong>vel</strong></span> <span class='ocrx_word' id='word_1_205' title='bbox 1435 3083 1647 3139; x_wconf 78' lang='lat' dir='ltr'><strong>Illiter</strong></span> <span class='ocrx_word' id='word_1_206' title='bbox 1651 3085 1784 3153; x_wconf 76' lang='lat' dir='ltr'><strong>ati,</strong></span> 
     </span>
    </p>

    <p class='ocr_par' dir='ltr' id='par_1_5' title="bbox 903 3166 1699 3252">
     <span class='ocr_line' id='line_1_33' title="bbox 903 3166 1699 3252; baseline 0.006 -27.083"><span class='ocrx_word' id='word_1_207' title='bbox 903 3166 957 3225; x_wconf 87' lang='lat' dir='ltr'><strong>A</strong></span> <span class='ocrx_word' id='word_1_208' title='bbox 1012 3171 1042 3211; x_wconf 76' lang='lat'><strong>‘)</strong></span> <span class='ocrx_word' id='word_1_209' title='bbox 1510 3185 1699 3252; x_wconf 80' lang='lat' dir='ltr'><strong>prout</strong></span> 
     </span>
    </p>
   </div>
  </div>
 </body>
</html>
