2048 3786
334 216 456 277 102
861 216 1313 274 »Historia

485 398 1141 459 Animadversio
1229 396 1699 453 Generalis

394 581 562 642 Dum
599 579 995 642 diversarum
1034 579 1316 662 gentium
1359 599 1458 639 res
1484 592 1680 681 gestas
1721 600 1942 640 recen-

233 668 453 734 sendas
491 672 901 753 suscipimus,
949 683 1120 728 vasto
1155 688 1269 728 nos
1326 670 1775 728 committimus
1827 668 1947 727 Hi·-

233 761 577 822 storiarum
609 759 869 842 Pelag03
916 779 1115 842 quare
1139 778 1218 818 ne
1267 759 1334 817 in
1372 755 1621 818 eosdem
1658 756 1946 840 scopulos

234 847 619 924 incidamus,
669 848 735 906 in
778 869 934 931 quos
968 843 1093 928 jam
1134 845 1345 930 plures
1377 867 1478 906 sci
1483 848 1651 930 iptoi
1656 867 1759 921 eS,
1793 844 1947 905 dum

235 935 398 997 nihil
443 894 738 998 omit’tere
783 934 1210 1007 intendebant,
1256 937 1451 996 nimia
1483 957 1701 996 1e1um
1740 937 1949 995 varie-

236 1040 368 1087 tate
388 1027 760 1087 memoriam
785 1023 1127 1109 juventutis
1149 1022 1514 1109 perplexam
1531 1071 1548 1100 ,
1576 1027 1702 1086 imo
1744 1022 1957 1083 infini-

235 1128 299 1175 ta
331 1114 644 1176 divisione
682 1112 968 1188 inducta,
1037 1112 1223 1196 plane
1278 1111 1601 1174 confusam
1659 1111 1951 1174 reddide-

231 1217 402 1264 runt.
453 1203 603 1264 Ideo
639 1205 880 1263 omissis
921 1201 1432 1284 quamplurimis,
1476 1223 1589 1262 nos
1626 1205 1792 1264 intra
1815 1223 1956 1262 cer-

231 1306 331 1354 tos
377 1291 609 1354 limites
644 1293 1185 1373 constringemus,
1254 1293 1536 1350 contenti
1589 1293 1663 1350 iis
1707 1305 1953 1350 tantum

232 1383 602 1458 immorari,
663 1402 826 1465 quae
872 1402 908 1438 a
946 1377 1220 1439 studiosa
1268 1377 1596 1461 juventute
1645 1381 1958 1463 imprimis

231 1472 419 1549 sciri,
465 1492 596 1531 non
634 1492 788 1533 vero
836 1470 1119 1552 ignorari
1158 1466 1409 1529 debent.
1457 1469 1537 1528 Et
1576 1471 1723 1552 quia
1766 1472 1958 1529 totius

232 1559 488 1622 Veteris
512 1560 893 1622 Testamenti
914 1558 1233 1618 Historiae
1252 1556 1590 1617 medullam
1610 1560 1784 1642 quasi
1804 1579 1956 1618 con-

236 1651 520 1727 stituant,
546 1662 823 1733 quatuor
856 1646 1277 1709 celeberrima
1317 1649 1590 1730 Imperia
1637 1647 1792 1709 olim
1843 1645 1959 1707 flo-

234 1742 591 1802 rentissima
616 1785 634 1815 ,
680 1740 775 1798 uti
796 1737 1237 1820 Assyriorum,
1277 1737 1631 1810 Persarum,
1680 1737 1956 1798 Graeco-

234 1851 424 1906 rum,
470 1843 535 1890 et
576 1829 1058 1902 Romanorum,
1108 1848 1270 1910 quae
1334 1848 1451 1909 per
1500 1825 1959 1888 Excellentiam

231 1919 304 1979 M
311 1915 644 1980 onarclnae
692 1915 1139 2002 appellantu13
1190 1937 1408 1977 earum
1445 1912 1851 1977 Monarchial
1836 1938 1963 1975 um

235 2020 490 2085 ortum,
555 2031 633 2093 pl
637 2028 958 2091 ogressum
1003 2018 1068 2065 et
1134 2008 1300 2067 1nte1
1306 2019 1495 2081 itum,
1561 2004 1778 2066 eadem
1831 2027 1957 2089 qua

235 2099 589 2182 incepimus
625 2092 924 2158 methodo
968 2095 1445 2156 recensebimus.
1493 2094 1674 2155 Al1a1
1680 2117 1784 2155 um
1803 2116 1960 2156 velo

239 2185 588 2262 Gentium,
636 2207 799 2270 quae
846 2199 1131 2269 tempoie
1164 2185 1348 2244 unius
1387 2197 1494 2244 aut
1539 2183 1796 2244 alterius
1815 2185 1956 2244 Mo-

238 2273 538 2338 narchiae
583 2275 938 2337 floruerunt
961 2321 977 2351 ‚
1027 2273 1462 2357 influxumque
1490 2275 1554 2333 in
1581 2278 1956 2357 praecipuos

243 2364 514 2449 populos
559 2362 953 2438 habuerunt,
1001 2362 1304 2424 brevibus
1341 2361 1638 2448 quidem,
1686 2366 1827 2446 pari
1870 2376 1964 2422 ta-

245 2476 392 2519 men
438 2477 660 2516 norma
706 2467 1013 2540 quantum
1051 2452 1362 2529 valemuS‚
1408 2474 1809 2538 exponemus.
