2048 3786
364 143 485 200 204
982 145 1389 199 [Iistoria

265 327 565 399 Araxem‚
619 326 853 400 Cipum,
902 326 1164 402 Tigrim,
1207 325 1524 396 lenaeum,
1556 322 1974 397 Euphratem,

275 414 512 485 Oxum,
553 416 787 473 Arium
813 460 829 488 ‚
879 415 1202 492 Mmgim,
1256 423 1317 469 et
1381 412 1635 468 Ochum.
1722 411 1971 471 Montes

269 515 417 560 sunt
473 505 773 577 Orolzte3‚
820 505 1116 578 Comum,
1164 505 1430 560 Ταῑινῑιε.
1478 500 1692 582 Opera
1726 498 1976 582 publica

266 589 462 648 multa
509 605 573 651 et
617 591 891 651 celebria
929 592 994 649 in
1034 588 1149 651 hoc
1205 611 1402 672 regno
1444 602 1625 648 erant
1669 587 1974 671 superba,

265 680 654 761 potissimum
701 682 766 739 in
802 678 1165 761 Babylonia,
1213 682 1305 739 uti
1334 676 1502 737 horti
1541 677 1823 762 pensiles·
1862 691 1976 740 ete.

265 769 468 849 Reges
491 768 889 852 eligebantur
925 767 1066 853 jure
1110 767 1496 831 hereditario
1532 789 1612 828 ex
1651 764 1867 827 eadem
1892 764 1981 824 fa-

264 857 476 932 milia,
526 873 589 918 et
617 858 829 942 legum
861 873 998 920 erat
1047 859 1273 918 Sancta
1317 857 1749 930 observantia,
1812 853 1978 939 apud

265 968 423 1027 quos
476 944 601 1028 jam
639 948 791 1008 olim
840 947 1171 1009 fervebant
1204 948 1614 1008 mercimonia
1651 948 1980 1019 unionum,

268 1036 760 1118 Margaritarum
784 1083 800 1113 ‚
839 1051 1224 1111 aromatum,
1263 1038 1535 1097 maxime
1574 1057 1730 1097 vero
1773 1035 1981 1109 serici,

267 1121 442 1205 cujus
489 1122 589 1183 hic
625 1128 895 1185 maxima
941 1123 1062 1184 fuit
1092 1128 1293 1209 copia,
1341 1123 1508 1185 unde
1525 1138 1689 1184 artes
1729 1120 1984 1184 Mecha-

270 1215 779 1297 11ioae‚i1nprimis
804 1216 1155 1275 sericorum
1174 1235 1531 1297 pannorum
1549 1227 1796 1273 textura
1817 1211 1982 1296 apud

263 1323 368 1360 eos
403 1316 466 1362 et
513 1302 665 1361 olim
700 1318 764 1364 et
802 1325 968 1362 nunc
1005 1305 1217 1387 viget,
1263 1316 1325 1362 et
1355 1304 1420 1360 in
1458 1323 1672 1361 omnes
1719 1304 1981 1362 orientis

264 1393 552 1474 regiones
598 1396 875 1452 maximo
894 1392 1325 1477 'emolumento
1363 1388 1814 1452 distrahuntur.
1867 1392 1935 1472 a)

426 1481 473 1560 ᾗ.
543 1486 597 1542 2.
671 1486 896 1541 Status
963 1485 1316 1561 Religionis
1378 1493 1441 1539 et
1506 1483 1980 1540 Consvetadinis

271 1571 502 1629 Gentis,
553 1573 769 1633 Persas
812 1587 1016 1632 totum
1069 1572 1227 1633 coeli
1280 1570 1591 1630 ambitum
1649 1585 1981 1632 veneratos

267 1656 453 1720 fuisse
480 1707 494 1735 ,
542 1659 1077 1745 divinitatumque
1116 1661 1287 1737 loco,
1325 1659 1461 1735 soli,
1512 1659 1717 1736 lunae,
1765 1659 1979 1721 telluri

265 1749 391 1829 igni
414 1796 429 1825 ,
468 1753 645 1833 aquis
681 1750 1120 1812 sacrificavisse
1156 1754 1523 1812 Herodotus
1571 1750 1631 1830 b)
1680 1763 1980 1824 testatur,

265 1841 418 1919 quin
455 1837 547 1898 his
588 1842 721 1901 Diis
760 1841 972 1925 aliqua
1005 1840 1236 1926 templa
1276 1838 1647 1924 posuissent,
1697 1838 1982 1901 credide-

265 1943 416 1987 runt
449 1932 618 1989 enim
650 1933 853 1991 Deum
895 1953 1022 1991 esse
1064 1946 1267 1991 totum
1299 1929 1457 1990 coeli
1490 1928 1796 1988 ambitum
1818 1977 1833 2004 ,
1870 1953 1981 1990 ne-

267 2015 482 2100 fasque
524 2041 652 2081 esse
686 2043 829 2081 eum
864 2023 1030 2081 intra
1055 2043 1269 2080 muros
1285 2021 1735 2101 constringere.
1792 2021 1980 2081 Prae-

267 2108 526 2188 cipuum
558 2109 760 2170 Deum
799 2126 1004 2171 tamen
1041 2108 1356 2171 habebant
1394 2111 1595 2166 Solem
1620 2155 1635 2184 ,
1682 2109 1740 2189 0)
1788 2132 1980 2192 quem

270 2198 595 2256 stlithmm
629 2193 940 2260 vocabant
963 2225 978 2278 3
1019 2214 1080 2260 et
1121 2203 1270 2283 quia
1317 2197 1408 2260 sol
1450 2197 1740 2259 ardentes
1800 2203 1978 2281 quasi

264 2284 470 2345 radios
506 2310 582 2347 ex
636 2312 698 2350 se
735 2290 1112 2365 evibrasset,
1162 2289 1303 2350 ideo
1352 2287 1539 2349 etiam
1567 2290 1777 2371 ignem
1811 2310 1980 2349 sum-

263 2397 519 2458 mopere
537 2377 901 2457 coluerunt3
925 2403 1121 2463 quare
1154 2382 1341 2440 etiam
1365 2380 1575 2459 ignem
1605 2376 1860 2462 regibus
1899 2379 1977 2438 ad

261 2462 496 2525 bellum
533 2470 858 2546 euntibus,
922 2485 1194 2553 quatuor
1235 2469 1389 2528 albis
1441 2470 1617 2551 equis
1650 2466 1973 2550 splendide

256 2559 473 2615 currui
494 2559 557 2616 in
561 2556 706 2641 juno
716 2563 786 2619 tis
800 2559 1274 2644 praeferebant3
1295 2562 1645 2644 impiosque
1678 2578 1781 2618 eos
1805 2557 1973 2620 dice—

260 2643 430 2721 bant,
478 2650 587 2731 qui
611 2672 754 2711 eum
779 2673 892 2737 per
908 2650 1407 2711 combustionem
1425 2649 1802 2710 cadaverum
1824 2672 1974 2732 pro-

1796 2737 1884 2796 sa*

328 2925 386 2991 a)
433 2922 565 2973 Vide
600 2925 988 2995 geographiam
1028 2928 1192 2979 Orbis
1225 2929 1578 2997 praemissam
1604 2969 1615 2980 .
1659 2927 1723 2977 (ie
1759 2928 1960 2979 Persia.

419 2992 472 3118 IL)
515 2995 573 3117 ΙΙ.
612 2994 640 3116 ἓ
704 2996 915 3119 50131.
972 2997 1024 3072 c)
1072 2999 1287 3051 Strabo.
1307 2999 1407 3050 suh
1434 2998 1477 3055 f.
1501 2998 1671 3054 L.15.
1704 2998 1966 3052 Justinus.
