2048 3786
348 145 473 230 24‘0
912 172 1332 232 Ili-storia

257 369 435 419 retur
473 345 876 415 Cl1inensium
914 354 1028 412 ista
1063 354 1462 430 constitutio,
1489 374 1614 436 qua
1646 350 1723 412 ad
1760 349 1960 414 hono-

255 470 356 510 res
416 460 478 508 et
538 444 868 528 dignitates
936 464 1065 502 non
1118 445 1362 504 ratione
1418 442 1803 519 nobilitatis,
1853 457 1960 501 aut

254 537 630 610 stemmatis,
676 532 783 594 sed
862 535 1048 593 unice
1121 532 1528 607 eruditioniS‚
1594 554 1664 592 ac
1711 534 1955 592 ratione

251 629 628 688 meritorum
670 622 1057 699 eluctantur3
1095 621 1263 683 unde
1309 636 1372 683 et
1402 619 1697 683 nobilitas
1731 644 1858 682 non
1880 620 1957 678 ad

254 731 539 801 posteros
571 711 990 773 haereditario
1022 709 1195 794 jure,
1220 734 1445 773 verum
1465 709 1542 769 ad
1578 711 1844 797 majores
1862 733 1970 768 ac*-

253 809 567 890 quiritur3
614 827 678 862 v.
714 825 771 885 g,
808 799 971 860 filius
1006 815 1249 885 patrem
1295 815 1403 861 aut
1438 824 1626 861 avum
1665 799 1960 862 nobilita-

253 910 316 957 te
347 909 552 979 potest
576 937 592 966 ,
638 915 769 952 11011
809 905 1017 950 autem
1058 912 1198 951 suos
1238 912 1633 952 successores.
1684 926 1772 937 --
1832 893 1959 949 Im·-

250 987 502 1068 perium
569 980 876 1041 Chinense
939 981 1188 1039 initium
1246 983 1465 1039 sumsit
1532 1005 1566 1040 a
1627 979 1957 1041 dominatu

250 1075 586 1157 Prosapiae
623 1072 895 1144 Tsclzeu,
920 1091 1082 1127 anno
1115 1084 1257 1128 ante
1274 1068 1380 1128 Ch.
1411 1073 1839 1131 ll25,verum
1863 1091 1961 1128 so-

251 1168 505 1224 cietates
570 1157 909 1219 admodum
983 1158 1323 1218 imbecilles
1392 1173 1572 1219 erant
1626 1182 1824 1243 usque
1881 1157 1960 1216 ad

249 1257 701 1333 Pingvangzcm
776 1269 885 1308 seu
965 1269 1200 1305 annum
1284 1261 1429 1308 ante
1501 1246 1727 1308 Christ.
1814 1249 1959 1308 770.

250 1342 356 1403 Ab
394 1340 748 1401 Alexandri
784 1338 870 1398 M.
913 1351 1112 1398 aetate
1144 1337 1261 1397 sub
1303 1339 1576 1397 Tsenkae
1617 1335 1779 1398 facta
1814 1333 1961 1396 Chi-

247 1436 536 1495 nensium
594 1442 740 1491 sunt
773 1425 1170 1486 dilucidiora.
1221 1427 1596 1488 Successivis
1634 1426 1960 1499 aetatibus,

247 1522 324 1582 ad
364 1544 597 1583 annum
619 1533 761 1578 ante
793 1515 900 1576 Ch.
933 1517 1078 1578 258.
1124 1519 1444 1578 minorum
1464 1520 1746 1600 gentium
1778 1518 1962 1577 Prin—

246 1615 414 1698 cipes
480 1615 644 1689 Zing
690 1607 843 1667 adeo
890 1628 1063 1666 suam
1105 1610 1451 1690 potentiam
1496 1619 1843 1681 auxerunt,
1888 1617 1962 1663 ut

246 1701 481 1761 familia
522 1701 760 1760 Tschea
807 1696 1129 1758 debilitata
1156 1743 1171 1771 ,
1220 1697 1404 1778 plane
1438 1694 1958 1780 vilipenderetur.

248 1796 474 1875 Neque
505 1803 710 1876 potest
741 1787 1166 1848 verosimilior
1185 1785 1526 1846 Chinarum
1558 1789 1740 1870 origo
1775 1785 1960 1846 altius

246 1884 487 1966 repeti,
536 1902 728 1964 quam
764 1877 845 1936 ab
884 1874 998 1936 hac
1046 1875 1280 1935 familia
1332 1880 1527 1935 Tsina
1568 1899 1674 1938 seu
1716 1878 1954 1950 Chimz,

246 1994 411 2055 quae
473 1970 557 2029 ob
608 1970 844 2028 virium
900 1964 1380 2051 amplitudinem
1426 1964 1583 2026 adeo
1631 1964 1948 2040 adolevit,

245 2076 316 2120 ut
354 2063 543 2122 etiam
598 2058 861 2132 exteris,
911 2056 1222 2140 imprimis
1256 2078 1409 2116 vero
1451 2054 1622 2115 Indis
1655 2058 1958 2116 inotesce-

242 2165 357 2211 ret.
420 2149 513 2209 Ex
562 2145 675 2207 hac
746 2145 979 2204 familia
1035 2148 1261 2205 locanes
1316 2143 1607 2228 quidam,
1695 2146 1956 2204 sublatis

247 2242 425 2324 prius
467 2239 590 2299 suis
625 2234 882 2298 aemulis
903 2235 980 2294 ab
1027 2258 1189 2294 anno
1226 2237 1368 2296 247.
1416 2256 1614 2318 usque
1669 2237 1811 2296 210.
1850 2257 1957 2293 an-

246 2345 309 2390 te
346 2343 561 2388 natum
593 2324 702 2386 Ch.
750 2323 1035 2384 absoluto
1090 2347 1373 2410 praeesse
1404 2327 1615 2407 coepit
1653 2327 1922 2407 imperio
1936 2347 1953 2400 3

248 2423 361 2503 qui
411 2420 601 2480 etiam
656 2416 1075 2493 Schilzoangti
1103 2437 1212 2476 seu
1255 2416 1532 2494 Augusti
1580 2417 1800 2475 sumsit
1838 2436 1954 2474 no-

245 2533 409 2570 men.
459 2510 609 2568 Post
653 2503 830 2587 cujus
880 2514 1191 2581 mortem,
1239 2505 1356 2564 sub
1403 2502 1533 2587 ejus
1571 2503 1700 2563 filio
1745 2506 1954 2565 minus

241 2613 454 2660 mente
492 2596 762 2671 valente,
810 2608 1050 2665 tantum
1075 2596 1412 2678 imperium
1470 2597 1535 2653 in
1572 2608 1779 2679 partes
1803 2597 1952 2654 scis-

244 2711 417 2765 sum,
460 2701 524 2749 et
556 2707 895 2771 procerum
945 2681 1322 2745 factionibus
1367 2684 1551 2769 plane
1584 2684 1954 2767 dissipatum

245 2793 352 2840 est.
401 2774 700 2837 Turbidis
746 2771 842 2833 his
897 2776 1158 2857 Imperii
1212 2775 1639 2859 temporibus,
1685 2773 1953 2836 celebris

240 2868 632 2953 praedonum
652 2864 779 2925 dux
807 2867 1146 2944 Lieupang
1168 2867 1597 2948 oportunitate
1626 2885 1789 2940 usus7
1822 2863 1949 2924 dis-

242 2961 580 3023 sentientes
633 2977 927 3038 proceres
993 2955 1362 3039 tempestive
1428 2955 1718 3031 adortuS‚
1778 2956 1947 3013 circa

231 3070 475 3111 annum
522 3059 665 3107 ante
713 3043 820 3106 Ch.
881 3049 1026 3108 200.
1067 3043 1339 3108 feliciter
1395 3068 1499 3109 eos
1554 3046 1618 3106 in
1659 3042 1946 3106 ordinem

1689 3132 1855 3195 redi-
