2912 4368
1971 457 2009 517 5

400 636 664 696 tisticam
702 636 1022 694 notionem
1058 631 1357 714 Regionis
1397 630 1444 710 ᾗ.
1498 632 1573 691 ΙΙ.
1601 630 1998 715 Religionem
2037 650 2100 696 et

400 724 874 784 consvetudines
910 723 1144 781 Gentis.
1195 721 1240 798 ᾗ.
1299 719 1409 779 ΙΙΙ.
1452 721 1694 779 Statum
1752 722 2096 804 politicum.

404 814 697 873 Formam
743 813 1088 892 Regiminis
1124 830 1193 867 ac
1219 809 1430 889 Leges.
1453 809 1499 887 38.
1529 810 1634 868 lV.
1660 809 1828 871 Bella
1856 815 2100 893 praeci-

396 925 533 985 pua.
603 902 647 979 ᾗ.
705 901 780 959 V.
829 900 1080 957 Artium
1130 912 1192 958 et
1252 897 1608 956 Literarum
1657 920 2099 980 progressum,

400 991 573 1049 velut
620 992 683 1046 in
725 987 976 1072 speculo
1014 1010 1140 1046 uno
1183 986 1407 1045 obtutu
1435 987 1640 1045 cuncti
1669 987 1903 1070 absque
1943 987 2101 1049 diffi-

397 1079 622 1136 cultate
676 1080 1075 1150 intueantur,
1144 1097 1270 1157 quo
1331 1077 1517 1135 etiam
1576 1072 1719 1148 fiet,
1797 1091 1866 1136 ut
1913 1080 2099 1138 unius

395 1168 678 1250 corporis
710 1168 902 1225 instar
941 1166 1218 1223 Historia
1259 1161 1596 1224 cohaereat.
1662 1164 1868 1241 Hine,
1937 1188 2098 1248 quo-

398 1258 563 1314 niam
588 1255 865 1313 Historia
907 1256 1163 1335 antiqua
1218 1254 1403 1311 Sacra
1456 1278 1488 1311 a
1518 1255 1840 1315 creatione
1877 1254 2096 1315 mundi

396 1345 735 1427 incipiens,
782 1343 897 1402 sub
937 1356 1207 1425 quatuor
1244 1334 1626 1401 Monarchiis
1673 1343 1756 1402 ob
1803 1343 2099 1405 Gentilis-

393 1457 566 1492 mum
603 1430 1049 1514 comprehendi
1091 1445 1362 1513 nequeat
1386 1456 1399 1505 3
1447 1451 1693 1490 necesse
1730 1446 1852 1507 est,
1919 1448 2097 1494 ante—

394 1545 584 1605 quam
625 1521 701 1579 ad
747 1521 930 1580 telam
979 1534 1254 1579 nostram
1310 1518 1828 1602 progrediamur,
1879 1522 2096 1583 Histo-

394 1615 555 1671 riam
589 1608 811 1692 Populi
854 1611 991 1668 DEI
1038 1609 1339 1668 hrevibus
1384 1607 1725 1670 absolvere.
1889 1608 1892 1612 ⁴

553 1701 598 1778 ᾗ.
651 1702 704 1759 5.
755 1702 952 1755 Finis.
1002 1698 1320 1756 Historiae
1340 1697 1722 1757 Universalis
1758 1713 1849 1760 est
1872 1723 2090 1761 rerum

395 1797 704 1865 gestarum
722 1789 943 1846 notitia
980 1788 1286 1870 practica,
1329 1785 1404 1844 ad
1447 1785 1846 1868 prudentiam
1880 1794 2096 1873 acqui-

393 1876 651 1935 rendam
682 1875 963 1935 ordinata
986 1921 1000 1949 ,
1043 1889 1112 1932 ut
1147 1897 1215 1934 ea
1241 1873 1317 1933 ad
1355 1875 1512 1934 bene
1534 1875 1839 1959 beateque
1873 1881 2098 1940 viven-

390 1959 538 2022 dum
581 1968 973 2022 instruamur.
1047 1962 1228 2022 Unde
1274 1985 1508 2020 summa
1560 1964 1873 2026 Historiae
1918 1967 2095 2026 utili-

392 2064 477 2111 tas
509 2067 708 2136 patet,
753 2051 828 2109 ad
889 2053 1168 2134 privatae
1246 2066 1306 2110 et
1346 2051 1636 2133 politicae
1707 2054 2092 2116 Prudentiae

388 2140 704 2225 Principia
746 2140 1164 2223 acquirenda,
1213 2138 1288 2197 ad
1324 2139 1788 2200 informandum
1848 2145 2092 2204 intelle-

386 2246 592 2299 ctum,
635 2229 1103 2290 reformandum
1128 2228 1448 2296 affectum;
1500 2229 1576 2287 ad
1615 2253 1828 2290 veram
1875 2232 2093 2293 Fidem

388 2318 841 2381 defendendam
869 2364 884 2393 ,
931 2333 994 2379 et
1033 2340 1279 2378 errores
1320 2317 1726 2395 refellendos;
1778 2319 1854 2378 ad.
1901 2323 2092 2383 Rem-

388 2409 703 2494 publicam
742 2407 983 2468 utiliter
1028 2406 1617 2483 administrandam,
1667 2407 1743 2467 ad
1784 2413 1906 2471 rite
1937 2433 2093 2470 con-

386 2497 744 2572 sulendum,
782 2519 849 2555 ao
891 2495 1045 2578 juste
1099 2494 1502 2579 judicandum
1561 2519 1638 2556 ex
1693 2502 2090 2581 praeteritiS,

386 2602 448 2647 et
494 2587 572 2647 de
627 2587 890 2662 futuris,
940 2585 1015 2643 ad
1056 2587 1338 2643 omnium
1384 2586 1800 2647 Scientiarum
1850 2589 2096 2673 plenio-

386 2700 519 2737 rem
559 2678 842 2735 notitiam
884 2672 1351 2756 possidendam3
1399 2673 1475 2732 ad
1521 2675 1818 2737 Divinam
1870 2679 2095 2738 Provi-

385 2765 692 2839 dentiam,
740 2764 1045 2824 Iustitiam
1073 2808 1086 2835 ,
1136 2763 1656 2840 Misericordiam,
1691 2769 2094 2850 omnipoten-

385 2857 530 2913 tiam
570 2869 682 2913 etc.
733 2852 1065 2937 perfectius
1107 2853 1614 2932 cognoscendam.
1667 2855 1915 2915 Verbo:
1972 2856 2089 2914 Hi-

382 2945 634 3002 storiam
674 2944 945 3009 nescire,
997 2954 1088 2999 est
1134 2962 1382 3022 semper
1426 2964 1692 3024 puerum
1739 2966 1882 3004 esse.

541 3034 586 3110 ᾗ.
642 3035 698 3091 4.
747 3036 988 3088 Fontes,
1017 3030 1212 3110 Origo
1233 3027 1345 3087 fuit
1370 3032 1880 3090 immortalitatis
1906 3054 2085 3090 amor

379 3119 731 3180 hominibus
777 3123 1022 3176 innatus
1050 3164 1063 3187 ,
1114 3120 1222 3199 qui
1266 3140 1369 3177 eos
1414 3117 1801 3194 stimulavit,
1849 3134 1919 3179 ut
1959 3143 2087 3196 sua,

382 3226 442 3268 ct
488 3208 803 3291 'Major-um
844 3222 1008 3289 gesta
1054 3208 1323 3267 Posteris
1356 3208 1809 3289 consignarent.
1853 3208 2087 3291 Hujus-

385 3299 551 3359 modi
594 3303 818 3356 Fontes
864 3295 961 3356 vel
1002 3309 1144 3354 sunt
1181 3298 1505 3371 Literati,
1569 3295 1669 3357 vel
1737 3300 2085 3371 Illiterccti,

1203 3383 1257 3442 A
1310 3390 1342 3444 2
1812 3403 2000 3470 prout
