2048 3786
325 204 405 264 98
870 201 1299 259 Historia

227 385 294 444 in
339 380 514 468 cujus
587 385 681 446 rei
729 385 1111 444 memoriam
1162 378 1352 442 hodie
1406 400 1664 462 quoque
1724 376 1951 438 festum

233 472 404 536 diem
444 472 783 534 celebrant.
834 474 1135 533 Ceterum
1157 472 1454 529 Julianus
1498 471 1829 543 Apostata
1869 461 1948 523 ad

233 559 723 646 opprimendum
761 583 992 621 nomen
1038 559 1484 632 Christianum,
1535 553 1946 617 eludendum-

236 674 362 735 que
413 652 655 711 Christi
691 652 1082 725 vaticinium,
1130 650 1168 708 J
1175 647 1382 709 udaeis
1413 646 1772 707 libertatem
1794 665 1952 703 con-

231 741 413 802 cessit
462 763 513 799 a.
559 737 666 798 Ch.
721 740 864 800 561.
908 738 1213 821 templum
1237 734 1661 809 instaurandi,
1711 731 1817 793 sed
1866 733 1955 789 ir*

242 832 370 891 rito
415 842 679 888 conatu:
727 852 872 886 nam
898 830 1040 910 igne
1080 851 1113 889 e
1154 826 1574 888 fundamentis
1608 843 1955 904 erumpen-

243 932 326 994 te,
369 918 448 978 ab
486 917 660 979 omni
692 939 884 999 opere
927 939 1174 1001 semper
1198 912 1504 1001 prohibiti
1531 927 1689 974 sunt.
1738 911 1955 994 Atque

235 1011 322 1067 ita
364 1010 430 1066 in
466 1028 735 1090 poenam
774 1005 1080 1068 scelerum
1105 1029 1363 1067 suorum
1387 1004 1688 1086 dissipati,
1720 1022 1788 1060 ac
1835 1019 1956 1084 per

236 1099 606 1157 universum
644 1092 955 1154 mundum
990 1094 1274 1176 dispersi,
1306 1095 1732 1154 calamitosam
1764 1091 1963 1149 vitam

243 1189 312 1244 in
352 1182 739 1245 hodiernum
773 1204 973 1265 usque
1034 1183 1202 1244 diem
1251 1182 1481 1244 ducere
1545 1182 1782 1243 debent
1836 1179 1972 1238 sine

242 1274 507 1355 Regn0‚
568 1274 780 1353 Rege,
823 1272 1014 1354 Lege,
1060 1272 1426 1333 Sacerdotio
1446 1286 1508 1333 et
1536 1269 1793 1355 templo,
1826 1288 1979 1351 pro-

247 1376 320 1422 ut
367 1364 513 1447 ipsis
557 1363 975 1420 vaticinatum
1024 1375 1179 1421 erat.

413 1486 461 1568 ᾗ.
516 1487 569 1547 1.
619 1487 846 1544 Status
871 1488 1246 1546 Liceramm
1271 1497 1332 1542 et
1375 1485 1639 1543 Artium
1671 1484 1976 1542 ,Ιιιάαἰοα-

258 1599 416 1640 rum.
523 1580 596 1635 In
677 1591 863 1657 gente
941 1573 1418 1649 Hebraeorum,
1496 1572 1832 1634 literarum
1883 1571 1981 1630 in-

262 1669 479 1729 ventio
514 1665 741 1749 passim
773 1666 1044 1740 Iosepho
1082 1664 1305 1722 Jacobz·
1340 1661 1470 1723 filio
1514 1664 1858 1737 tribuitur,
1904 1680 1983 1721 ex

264 1780 377 1820 eo:
422 1768 493 1815 ut
516 1756 937 1812 Heumannas
977 1751 1161 1814 docte
1203 1751 1494 1827 ostendit,
1542 1754 1608 1834 a)
1634 1749 1804 1835 quod
1830 1748 1985 1809 dum

267 1847 498 1923 Joseplz,
542 1844 607 1901 in
655 1841 1253 1927 Aegypto-munere
1293 1843 1418 1903 Pro
1460 1842 1651 1924 Regis
1690 1840 1990 1923 fungere-

270 1950 397 2008 tur,
446 1955 547 1994 ars
590 1930 911 1991 scribendi
934 1932 1269 2015 Aegyptiis
1297 1945 1434 1992 erat
1470 1932 1808 2014 incognita,
1848 1939 1992 2013 post

266 2024 714 2086 Hebraeorum
787 2042 944 2080 vero
1003 2022 1485 2104 emigrationem
1554 2043 1739 2096 mox,
1802 2019 1995 2078 usita—

282 2130 361 2174 ta.
398 2112 559 2174 Item
579 2110 888 2185 Iosephus
915 2110 1393 2193 intelligentiam
1416 2112 1805 2171 somniorum
1831 2103 1997 2191 apud

274 2203 622 2285 Aegyptios
664 2199 908 2281 primus
957 2199 1278 2277 condidit,
1325 2201 1427 2258 cui
1451 2196 1611 2258 nihil
1648 2198 1851 2258 divini
1881 2195 1996 2255 hu-

275 2293 579 2373 manique
638 2284 793 2370 juris
841 2290 1231 2373 incognitum
1275 2302 1413 2349 erat
1457 2287 1649 2350 adeo:
1697 2302 1769 2348 ut
1811 2289 2001 2348 etiam

270 2380 675 2444 sterilitatem
732 2398 1028 2458 agrorum
1064 2393 1206 2440 ante
1252 2377 1484 2438 multos
1541 2399 1736 2437 annos
1778 2377 2000 2461 provi—

274 2471 458 2533 derit.
507 2468 602 2528 Ac
650 2467 839 2548 proin
890 2489 1035 2528 cum
1087 2467 1534 2554 probabilitate
1585 2468 1905 2528 statuimus
1954 2487 1992 2523 a

276 2559 550 2637 Joseplzo
597 2553 675 2616 ad
718 2553 1107 2641 Aegyptios,
1152 2556 1402 2618 Arabes
1429 2603 1446 2633 ,
1494 2553 1861 2630 Chaldae05‚
1923 2553 2004 2614 ab

279 2647 376 2709 his
398 2646 609 2709 medio
646 2646 869 2703 Cadmi
887 2643 974 2706 ad'
992 2649 1286 2724 GraeCOS,
1310 2670 1342 2706 a
1371 2646 1624 2708 Graecis
1650 2669 1765 2729 per
1788 2645 2009 2703 Evan-

283 2742 469 2797 drum
531 2734 609 2795 ad
654 2734 1013 2812 Romanos,
1061 2752 1126 2800 et
1178 2737 1259 2797 ab
1317 2734 1411 2796 his
1467 2734 1544 2795 ad
1611 2734 1758 2795 alias
1794 2747 2011 2817 gentes

1781 2846 1919 2884 sen-

358 3024 417 3085 a)
457 3019 745 3091 Conspect.
786 3017 940 3082 Rem.
984 3018 1150 3071 Liter.
1207 3035 1303 3071 seu
1346 3017 1432 3071 via
1469 3015 1538 3069 ad
1573 3016 1717 3069 Hist.
1754 3013 1923 3067 Liter.
1964 3032 2012 3065 c.

450 3088 498 3143 3·
541 3091 588 3160 ἓ.
629 3088 678 3142 2.
721 3090 778 3144 in⁴
814 3088 999 3142 Schol.
1041 3107 1077 3161 p
1114 3086 1198 3143 31.
