2048 3786
1565 265 1639 324 15

647 451 723 510 ΙΙ.
748 480 751 483 ·
816 447 1129 511 PERSIA.

223 635 448 692 Persia
487 656 522 692 a
565 634 789 691 Perseo
831 630 1098 704 dicitur,
1148 632 1211 686 in
1243 629 1498 710 longum
1548 644 1610 690 et
1651 630 1741 687 Ia-

48 735 183 781 tum
219 721 349 782 fere
386 724 529 781 400.
578 720 865 778 milliaria
914 721 1280 800 porrigitur.
1338 718 1743 779 Occidentem

52 832 264 870 versus
286 824 375 869 est
401 812 649 888 Zygris.
687 807 790 866 Ab
814 808 1070 867 Oriente
1095 806 1268 866 India
1287 831 1303 882 3
1348 807 1423 865 ad
1461 809 1748 890 Septem—

51 900 317 957 trionem
364 920 535 957 mare
578 898 899 980 Caspium3
945 895 1020 953 ad
1059 895 1386 956 meridiem
1410 900 1576 955 sinus
1595 899 1750 956 Per-

49 989 222 1046 sicus.
274 986 694 1046 Dividebatur
741 984 892 1044 olim
944 987 1006 1042 in
1055 988 1370 1060 flledc'anz,
1417 987 1752 1063 IIyrcam'-

52 1097 191 1149 am,
252 1076 678 1154 Margianam
704 1119 719 1148 ‚
789 1075 1104 1148 Assyriae
1165 1086 1456 1150 partem,
1529 1076 1753 1133 Susia-

55 1185 220 1236 nam,
247 1164 622 1239 Parthiam,
639 1164 892 1236 Aream,
913 1162 1396 1237 Paropanisum,
1431 1166 1751 1222 Persidem

43 1253 349 1329 proprie,
414 1253 864 1311 Carmanniam
889 1295 905 1323 ‚
961 1252 1437 1329 Drangianam,
1460 1253 1756 1312 „Aracho-

57 1343 256 1412 simn,
317 1350 378 1395 et
428 1343 829 1412 Gall-osiam,
872 1335 1058 1397 hodie
1080 1337 1210 1400 fere
1251 1341 1314 1397 in
1359 1344 1454 1399 14.
1493 1341 1759 1423 provin-

55 1432 179 1487 cias
219 1425 557 1505 dividitur3
609 1448 875 1509 quarum
908 1429 957 1485 1.
985 1441 1075 1485 est
1106 1431 1443 1487 Farsistan
1463 1431 1572 1489 ubi
1605 1427 1758 1486 urbs

56 1514 428 1598 amplissima
464 1531 555 1576 est
587 1517 978 1573 Schirasizcm
996 1513 1070 1572 ad
1092 1518 1424 1575 Bendimir
1462 1519 1758 1586 fluvium,

53 1626 195 1663 cum
228 1602 492 1686 collegio
526 1603 915 1662 nobilissimo
962 1603 1186 1684 gaudet
1210 1650 1225 1678 ‚
1288 1607 1352 1662 in
1411 1611 1639 1667 vicinia
1671 1617 1763 1663 est

56 1695 441 1766 Perseopolis
466 1738 481 1766 ,
525 1692 674 1751 olim
710 1692 890 1771 regni
929 1692 1296 1773 metropolis
1344 1694 1418 1752 ad
1477 1700 1764 1756 Araxem

60 1780 322 1837 fluvium
346 1824 361 1851 ‚
415 1801 597 1861 quam
635 1782 1000 1838 Alexander
1035 1782 1126 1836 ΛΤ.
1167 1782 1227 1836 in
1264 1787 1525 1862 gratiam
1572 1784 1766 1841 Thai-

60 1870 156 1924 dis
200 1865 475 1949 pelliciS‚
521 1890 569 1924 a.
605 1869 688 1927 M.
735 1868 922 1925 5724.
956 1866 1290 1926 succendit.
1352 1876 1406 1931 2.
1449 1876 1724 1930 Susiana
1751 1913 1768 1940 ‚

62 1955 173 2013 ubi
218 1957 419 2029 Susa,
465 1955 615 2014 olim
637 1956 867 2035 Regia,
911 1954 986 2013 ad
1029 1957 1358 2032 Clzoaspim
1399 1959 1674 2020 fluvium.
1712 1961 1768 2018 5.

62 2044 274 2100 Erack·
312 2043 423 2101 ubi
466 2059 558 2103 est
618 2044 954 2117 Baldaclt,
999 2065 1154 2101 unus
1196 2047 1259 2102 in
1300 2049 1456 2109 orbe
1491 2074 1524 2111 e
1573 2051 1774 2108 maxi-

62 2133 177 2190 mis
219 2132 580 2192 civitatibus
607 2179 621 2208 ,
650 2132 934 2207 Ispahan
955 2132 1200 2192 Persiae
1218 2152 1437 2218 caput,
1466 2161 1603 2199 cum
1627 2137 1775 2197 suh-

63 2220 262 2278 urbiis
309 2223 363 2279 8.
413 2221 702 2280 milliaria
796 2219 1007 2278 Germ.
1054 2221 1290 2280 ambitu
1343 2248 1453 2287 suo
1503 2227 1777 2310 eomple-

64 2310 295 2380 ctitur‚
351 2309 458 2367 ubi
515 2315 585 2371 et‘
617 2306 925 2369 Catholici
978 2310 1277 2368 coenobia
1335 2312 1596 2391 habent,
1656 2316 1776 2375 huc

66 2410 303 2480 spectat
349 2398 684 2458 Casbilzzem
737 2396 888 2454 urbs
933 2396 1074 2456 alias
1128 2401 1476 2464 Ecbatana.
1548 2408 1621 2465 In
1668 2404 1777 2463 hac

64 2487 392 2568 provincia
431 2486 508 2545 ad
548 2489 690 2547 fluv.
738 2486 988 2560 Lycum
1028 2485 1148 2545 fuit
1170 2491 1412 2550 Arbela
1437 2495 1622 2569 urbs,
1665 2495 1777 2553 uhi

64 2575 429 2632 Alexander
475 2580 662 2637 tertio
706 2574 860 2632 vicit
904 2577 1189 2633 Darium
1241 2601 1290 2636 a.
1338 2584 1422 2642 M.
1463 2586 1539 2644 57
1553 2589 1652 2644 22.
1719 2588 1778 2644 4.

69 2663 614 2739 Adyrbeiza7z‚t1bi
636 2660 792 2724 urbs
826 2665 1204 2741 Tabrisizcm,
1233 2670 1326 2727 15.
1352 2671 1521 2731 mille
1539 2671 1781 2739 domm,

71 2751 212 2811 250.
262 2750 579 2813 Moseheas
606 2802 620 2830 ‚
680 2768 742 2815 et
787 2751 930 2810 600.
971 2752 1166 2810 millia
1207 2758 1550 2818 incolarum
1579 2758 1783 2835 habet3

67 2837 179 2897 ubi
224 2852 286 2898 et
332 2840 469 2899 P.P,
503 2839 805 2927 Capucini
850 2842 1139 2899 existunt.
1170 2845 1497 2905 Ervcmam
1531 2869 1637 2907 seu
1680 2851 1785 2905 Ir-

69 2948 224 2984 vans
262 2925 339 2984 ad
397 2931 653 3010 Zengny
698 2928 959 2989 fluvium
990 2977 1004 3003 7
1053 2929 1167 2988 soli
1214 2934 1434 2996 Persae
1481 2933 1782 3009 habitant,

70 3013 232 3075 unde
265 3015 503 3079 Turcos
545 3045 594 3079 a.
637 3019 741 3080 Ch.
789 3016 972 3075 ]()'O4.
1026 3016 1376 3099 ejecerunt,
1434 3022 1532 3082 hic
1599 3023 1785 3084 hodie

72 3103 267 3165 Serici
301 3111 641 3170 'maximum
685 3117 775 3170 est
813 3109 1278 3188 commercium3
1330 3115 1392 3172 in
1427 3114 1656 3171 vicinia
1696 3127 1789 3174 est

1522 3223 1699 3262 mons
