2048 3786
351 186 476 247 114
894 190 1325 247 Historia

256 392 376 431 rex
409 386 588 433 antea
631 374 1099 456 ignavissimus,
1141 374 1481 432 contractis
1530 372 1823 434 celeriter
1862 397 1970 434 eo-

256 464 397 547 piis,
416 462 681 523 rebelles
701 462 960 545 quidem
984 477 1082 523 ter
1106 462 1470 546 profligavit
1485 486 1501 539 3
1533 485 1755 522 verum
1784 483 1976 546 quar-

258 565 319 611 ta
374 573 583 635 pugna
635 556 838 611 victus
863 600 878 628 ,
922 574 1119 635 quum
1164 556 1228 612 in
1256 552 1417 612 urbe
1451 551 1873 628 obsideretur,
1911 555 1975 612 in

257 654 460 701 tantas
504 645 816 725 angustias
855 657 946 703 est
985 641 1292 717 redactus,
1340 657 1412 701 ut
1447 641 1638 702 rebus
1682 640 1976 726 despera-

264 733 380 805 tis,
432 751 495 792 se
531 754 676 790 cum
711 729 887 807 filiis,
935 732 1264 807 uxoribus,
1306 753 1375 790 ac
1407 729 1712 794 thesauris
1744 733 1867 791 suis
1911 733 1976 790 in

255 823 429 904 regia
463 823 527 880 in
563 821 926 882 incendium
964 824 1229 898 miserit,
1280 823 1347 903 a)
1393 845 1443 880 a.
1476 823 1562 882 M.
1595 825 1784 885 5178.
1809 822 1978 881 Hinc

250 923 423 978 filiam
474 925 646 979 fuisse
692 926 966 979 Atossam
1014 945 1110 978 sen
1147 925 1608 978 Semiramidem
1670 944 1807 997 quae
1847 943 1972 977 cum

249 1007 439 1067 patrae
493 995 558 1051 12
605 1016 776 1048 annos
814 999 1106 1067 regnavit,
1156 1006 1210 1048 et
1245 997 1348 1048 sub
1396 997 1578 1069 specie
1631 998 1912 1051 columbae
1948 1015 1976 1048 a

252 1068 413 1139 Syris
453 1069 596 1121 culta
634 1066 746 1120 fuit
770 1106 784 1129 ,
823 1069 919 1119 sed
959 1068 1067 1120 hoc
1107 1068 1279 1136 aliqui
1317 1066 1386 1118 ad
1435 1068 1673 1140 primam
1708 1070 1976 1122 Semira-

252 1139 470 1192 midem
502 1138 772 1191 referunt.
822 1138 1137 1192 Balatores
1183 1138 1275 1195 30.
1319 1156 1436 1209 reg.
1470 1139 1538 1192 ad
1579 1138 1738 1196 2620.
1778 1139 1975 1192 Lam-

239 1210 449 1283 pricles
483 1209 576 1267 30.
612 1226 734 1276 reg,
792 1209 861 1260 ad
898 1207 1055 1262 3651.
1113 1211 1353 1262 Sosares
1404 1209 1491 1265 22.
1537 1228 1651 1280 reg.
1705 1210 1774 1263 ad
1816 1207 1975 1263 2671.

255 1281 602 1353 Lampares‘.
643 1280 728 1334 30.
763 1297 875 1349 reg.
899 1281 960 1331 ad
1001 1279 1155 1332 2700.
1178 1281 1412 1350 Paryas
1448 1279 1535 1335 45.
1556 1300 1668 1350 reg.
1709 1282 1777 1334 ad
1815 1279 1975 1336 2745.

253 1352 549 1404 Sosarmis
599 1350 683 1407 19.
720 1368 836 1420 reg.
862 1350 1104 1403 ad2764.
1128 1351 1440 1403 Alibi-aeus.
1460 1350 1545 1404 27.
1567 1370 1682 1421 reg.
1715 1352 1777 1403 ad
1815 1348 1976 1404 2791·

265 1423 620 1476 leeotamus
650 1423 736 1476 32.
767 1439 883 1491 reg.
925 1421 993 1473 ad
1027 1419 1184 1474 2823.
1227 1423 1343 1473 Hoc
1363 1422 1487 1474 loco
1507 1423 1701 1475 statuit
1741 1421 1979 1474 Ueseri-

254 1513 322 1546 us
350 1513 475 1546 cum
529 1493 720 1546 mullis
755 1493 1157 1545 recentioribus
1193 1491 1424 1544 Ninum
1469 1494 1583 1545 Beli
1641 1493 1837 1547 filium.
1876 1493 1973 1564 qui

250 1566 611 1639 Assyriorum
653 1565 954 1634 Imperium
994 1563 1252 1616 fundavit
1301 1582 1349 1616 a.
1396 1564 1469 1618 Μ.
1507 1562 1666 1618 2787.
1703 1582 1799 1617 seu
1851 1573 1979 1616 ante

252 1635 353 1691 Ch.
388 1647 578 1689 natum
616 1636 772 1691 1267.
827 1637 1083 1689 Ceterum
1118 1635 1376 1686 successit
1432 1635 1700 1691 Temeus.
1740 1634 1828 1690 40.
1861 1652 1981 1703 reg.

246 1709 319 1763 ad
370 1707 527 1763 2863.
576 1708 852 1762 leiszeus‘.
903 1706 990 1760 30.
1040 1724 1136 1776 reg
1205 1706 1273 1758 ad
1329 1704 1484 1759 2893.
1535 1707 1842 1780 Der-sylas,
1883 1705 1973 1761 40.

258 1779 329 1832 ad
370 1778 527 1834 2934.
556 1781 941 1850 Hoctempore
963 1778 1031 1830 ad
1065 1798 1112 1830 a.
1134 1779 1211 1830 M.
1246 1774 1398 1830 2830.
1433 1777 1779 1831 Usseriusin
1800 1778 1980 1831 Chro-

256 1851 477 1922 nologia
498 1892 513 1916 ,
547 1851 1009 1904 Semiramidem
1043 1849 1202 1902 Niai
1251 1867 1483 1901 uxorem
1518 1850 1626 1902 toti
1664 1850 1822 1902 Asiae
1871 1850 1983 1902 im-

254 1941 474 1995 perasse
508 1922 740 1985 scribite,
780 1921 873 1974 sed
925 1921 1158 1973 Usserii
1196 1919 1437 1972 rationes
1481 1939 1592 1973 non
1628 1921 1680 1971 id
1716 1921 1982 1973 videntur

254 1994 541 2047 evincere:
579 1994 781 2045 dehac
825 2011 884 2045 re
925 1991 1049 2044 vide
1101 1992 1466 2044 ffIusantium
1521 1991 1756 2045 Tabulis
1793 1992 1980 2044 Chro-

257 2066 526 2137 nologicis
564 2065 706 2117 circa
741 2065 910 2116 finem
950 2063 1223 2114 adnexam
1276 2062 1722 2116 dissertationem
1783 2066 1984 2135 pagina

255 2135 382 2193 407.
422 2155 574 2209 seqq.
603 2166 675 2176 —
716 2137 970 2187 Ceterum
1013 2133 1271 2186 successit
1320 2134 1577 2204 Eupales
1614 2133 1698 2187 38.
1760 2153 1875 2205 reg.
1912 2135 1982 2188 ad

254 2206 412 2261 2971.
445 2209 780 2262 Laostenes.
818 2205 902 2260 45.
933 2222 1048 2274 reg.
1084 2205 1149 2255 ad
1195 2201 1350 2258 3016.
1375 2206 1721 2275 Byriciades
1750 2204 1836 2259 30.
1861 2223 1977 2276 reg.

255 2279 325 2331 ad
371 2278 529 2335 3046.
567 2279 940 2350 Oplzvracteus.
979 2275 1064 2330 20.
1103 2293 1215 2346 reg.
1268 2278 1331 2327 ad
1393 2275 1552 2330 3066.
1614 2276 1983 2348 Opliratanes

258 2349 339 2404 50.
386 2370 501 2422 reg.
536 2350 600 2402 ad
639 2348 794 2402 3116.
835 2345 1307 2402 Acrae-arnes41.
1341 2366 1454 2418 reg.
1490 2349 1556 2399 ad
1595 2347 1750 2402 3157.
1798 2349 1987 2401 Tono-

254 2424 603 2476 seoneoleros
640 2439 736 2474 seu
772 2419 1243 2490 Scirdanapalu3‚
1286 2437 1446 2491 quem
1486 2417 1745 2472 Arbaces
1780 2419 1974 2472 Medus

250 2494 572 2566 profligavit
617 2492 686 2545 ad
724 2511 769 2545 a.
827 2492 902 2545 M.
944 2489 1100 2546 3178.
1158 2489 1298 2542 Vide
1338 2490 1657 2544 Chronicon
1693 2489 1975 2543 Eusebio-

251 2564 804 2640 Hyeronimianzcm.
843 2562 906 2615 T.
941 2564 1078 2618 VIII.
1117 2580 1347 2634 operum
1369 2562 1425 2614 S.
1444 2562 1801 2634 Hyeronimi
1826 2562 1973 2614 Edit.

254 2636 598 2691 Veronensis.
649 2632 803 2688 1740.
849 2634 997 2706 quod
1033 2645 1285 2688 veterum
1339 2631 1663 2703 fragmentis
1717 2634 1972 2702 notisque

254 2710 546 2780 omnigena
587 2706 898 2758 eruditione
954 2707 1172 2759 refertis
1225 2705 1444 2756 ornavit
1498 2706 1574 2758 Cl.
1632 2705 1980 2758 Dominio-us

260 2782 329 2833 V
320 2779 633 2844 allai-sias,
674 2796 799 2829 cum
830 2777 1153 2832 Mai-chione
1190 2776 1457 2848 Scipione
1504 2775 1759 2850 sslafffy'o·

1764 2851 1885 2913 As-

336 2961 396 3035 a)
436 2958 720 3013 Anchiali
749 2963 1177 3009 monumentum
1208 2953 1315 3007 fuit
1349 2955 1735 3028 Sardanapali,
1772 2957 1832 3009 in
1868 2973 1978 3029 quo

420 3032 631 3103 lapidea
651 3042 767 3082 erat
785 3031 966 3097 imago
993 3026 1235 3079 hominis
1259 3029 1594 3080 conserentis
1610 3047 1802 3081 manus
1837 3028 1975 3078 dex-

423 3113 570 3155 terae
602 3102 819 3171 digitos,
869 3119 929 3151 ac
965 3099 1009 3149 si
1041 3098 1308 3169 crepitam
1342 3100 1529 3169 digitis
1570 3100 1728 3151 edere
1767 3099 1975 3151 voluis-

427 3184 525 3230 set.
547 3170 1199 3240 cumhaeincrriptione:
1242 3171 1677 3243 Sarclanctpalus
1711 3170 1974 3224 Anchia-
