<?xml version="1.0" encoding="UTF-8"?>
<!DOCTYPE html PUBLIC "-//W3C//DTD XHTML 1.0 Transitional//EN"
    "http://www.w3.org/TR/xhtml1/DTD/xhtml1-transitional.dtd">
<html xmlns="http://www.w3.org/1999/xhtml" xml:lang="en" lang="en">
 <head>
  <title>
</title>
<meta http-equiv="Content-Type" content="text/html;charset=utf-8" />
  <meta name='ocr-system' content='tesseract 3.04.00' />
  <meta name='ocr-capabilities' content='ocr_page ocr_carea ocr_par ocr_line ocrx_word'/>
</head>
<body>
  <div class='ocr_page' id='page_1' title='image "./historiauniversa01nagy_0171.png"; bbox 0 0 2048 3786; ppageno 0'>
   <div class='ocr_carea' id='block_1_1' title="bbox 576 224 1680 302">
    <p class='ocr_par' dir='ltr' id='par_1_1' title="bbox 576 224 1680 302">
     <span class='ocr_line' id='line_1_1' title="bbox 576 224 1680 302; baseline 0 -19"><span class='ocrx_word' id='word_1_1' title='bbox 576 224 1211 302; x_wconf 74' lang='lat' dir='ltr'>Aegyptiorum.</span> <span class='ocrx_word' id='word_1_2' title='bbox 1561 225 1680 283; x_wconf 80' lang='lat'>141</span> 
     </span>
    </p>
   </div>
   <div class='ocr_carea' id='block_1_2' title="bbox 82 398 1801 2608">
    <p class='ocr_par' dir='ltr' id='par_1_2' title="bbox 82 398 1801 2608">
     <span class='ocr_line' id='line_1_2' title="bbox 90 398 1780 480; baseline -0.005 -15"><span class='ocrx_word' id='word_1_3' title='bbox 90 400 156 465; x_wconf 72' lang='lat' dir='ltr'>‘vi</span> <span class='ocrx_word' id='word_1_4' title='bbox 196 404 581 465; x_wconf 83' lang='lat' dir='ltr'><strong>commerciis</strong></span> <span class='ocrx_word' id='word_1_5' title='bbox 616 423 678 461; x_wconf 88' lang='lat' dir='ltr'>se</span> <span class='ocrx_word' id='word_1_6' title='bbox 724 412 1052 480; x_wconf 83' lang='lat' dir='ltr'>tantopere</span> <span class='ocrx_word' id='word_1_7' title='bbox 1088 398 1326 472; x_wconf 76' lang='lat' dir='ltr'>ditavit,</span> <span class='ocrx_word' id='word_1_8' title='bbox 1373 412 1443 456; x_wconf 90' lang='lat' dir='ltr'>ut</span> <span class='ocrx_word' id='word_1_9' title='bbox 1478 398 1780 458; x_wconf 84' lang='lat' dir='ltr'>invidiam</span> 
     </span>
     <span class='ocr_line' id='line_1_3' title="bbox 89 485 1778 569; baseline -0.004 -18"><span class='ocrx_word' id='word_1_10' title='bbox 89 493 360 552; x_wconf 86' lang='lat' dir='ltr'>aliorum</span> <span class='ocrx_word' id='word_1_11' title='bbox 394 496 783 562; x_wconf 82' lang='lat' dir='ltr'>incurreret,</span> <span class='ocrx_word' id='word_1_12' title='bbox 828 508 972 545; x_wconf 88' lang='lat' dir='ltr'>cum</span> <span class='ocrx_word' id='word_1_13' title='bbox 1029 487 1257 569; x_wconf 86' lang='lat' dir='ltr'>quibus</span> <span class='ocrx_word' id='word_1_14' title='bbox 1311 489 1493 546; x_wconf 85' lang='lat' dir='ltr'>etiam</span> <span class='ocrx_word' id='word_1_15' title='bbox 1542 485 1778 545; x_wconf 83' lang='lat' dir='ltr'>bellum</span> 
     </span>
     <span class='ocr_line' id='line_1_4' title="bbox 88 574 1781 664; baseline -0.006 -22"><span class='ocrx_word' id='word_1_16' title='bbox 88 603 157 642; x_wconf 87' lang='lat' dir='ltr'>ea</span> <span class='ocrx_word' id='word_1_17' title='bbox 176 582 481 664; x_wconf 88' lang='lat' dir='ltr'>imprimis</span> <span class='ocrx_word' id='word_1_18' title='bbox 503 598 680 637; x_wconf 87' lang='lat' dir='ltr'>causa</span> <span class='ocrx_word' id='word_1_19' title='bbox 698 577 900 657; x_wconf 78' lang='lat' dir='ltr'>gessit,</span> <span class='ocrx_word' id='word_1_20' title='bbox 919 574 1089 657; x_wconf 88' lang='lat' dir='ltr'>quod</span> <span class='ocrx_word' id='word_1_21' title='bbox 1104 574 1524 656; x_wconf 83' lang='lat' dir='ltr'>intelligerent</span> <span class='ocrx_word' id='word_1_22' title='bbox 1542 596 1619 633; x_wconf 82' lang='lat' dir='ltr'>ex</span> <span class='ocrx_word' id='word_1_23' title='bbox 1641 595 1781 633; x_wconf 86' lang='lat' dir='ltr'>ora-</span> 
     </span>
     <span class='ocr_line' id='line_1_5' title="bbox 83 663 1783 746; baseline -0.004 -19"><span class='ocrx_word' id='word_1_24' title='bbox 83 668 266 743; x_wconf 86' lang='lat' dir='ltr'>culO,</span> <span class='ocrx_word' id='word_1_25' title='bbox 313 690 454 729; x_wconf 89' lang='lat' dir='ltr'>eum</span> <span class='ocrx_word' id='word_1_26' title='bbox 506 679 640 725; x_wconf 90' lang='lat' dir='ltr'>toto</span> <span class='ocrx_word' id='word_1_27' title='bbox 700 685 896 744; x_wconf 81' lang='lat' dir='ltr'>regno</span> <span class='ocrx_word' id='word_1_28' title='bbox 954 666 1341 746; x_wconf 90' lang='lat' dir='ltr'>potiturum,</span> <span class='ocrx_word' id='word_1_29' title='bbox 1388 663 1498 744; x_wconf 84' lang='lat' dir='ltr'>qui</span> <span class='ocrx_word' id='word_1_30' title='bbox 1541 669 1783 744; x_wconf 85' lang='lat' dir='ltr'>primus</span> 
     </span>
     <span class='ocr_line' id='line_1_6' title="bbox 90 749 1786 834; baseline -0.005 -19"><span class='ocrx_word' id='word_1_31' title='bbox 90 761 382 832; x_wconf 76' lang='lat' dir='ltr'>Neptuno</span> <span class='ocrx_word' id='word_1_32' title='bbox 425 753 690 812; x_wconf 87' lang='lat' dir='ltr'>libaret:</span> <span class='ocrx_word' id='word_1_33' title='bbox 734 773 929 834; x_wconf 86' lang='lat' dir='ltr'>quare</span> <span class='ocrx_word' id='word_1_34' title='bbox 989 751 1140 810; x_wconf 87' lang='lat' dir='ltr'>dum</span> <span class='ocrx_word' id='word_1_35' title='bbox 1181 752 1506 833; x_wconf 83' lang='lat' dir='ltr'>Principes</span> <span class='ocrx_word' id='word_1_36' title='bbox 1545 749 1786 814; x_wconf 85' lang='lat' dir='ltr'>sacrifi-</span> 
     </span>
     <span class='ocr_line' id='line_1_7' title="bbox 82 837 1784 924; baseline -0.006 -19"><span class='ocrx_word' id='word_1_37' title='bbox 82 858 331 918; x_wconf 84' lang='lat' dir='ltr'>carent,</span> <span class='ocrx_word' id='word_1_38' title='bbox 369 845 554 924; x_wconf 83' lang='lat' dir='ltr'>eique</span> <span class='ocrx_word' id='word_1_39' title='bbox 594 838 731 898; x_wconf 88' lang='lat' dir='ltr'>fiala</span> <span class='ocrx_word' id='word_1_40' title='bbox 783 842 1173 915; x_wconf 79' lang='lat' dir='ltr'>excessisset,</span> <span class='ocrx_word' id='word_1_41' title='bbox 1222 842 1270 898; x_wconf 90' lang='lat' dir='ltr'>is</span> <span class='ocrx_word' id='word_1_42' title='bbox 1306 852 1554 921; x_wconf 86' lang='lat' dir='ltr'>arrepta</span> <span class='ocrx_word' id='word_1_43' title='bbox 1609 837 1784 920; x_wconf 79' lang='lat' dir='ltr'>galea</span> 
     </span>
     <span class='ocr_line' id='line_1_8' title="bbox 85 928 1784 1013; baseline -0.004 -22"><span class='ocrx_word' id='word_1_44' title='bbox 85 933 339 1007; x_wconf 67' lang='lat' dir='ltr'>libavit,</span> <span class='ocrx_word' id='word_1_45' title='bbox 388 953 511 1013; x_wconf 88' lang='lat' dir='ltr'>qua</span> <span class='ocrx_word' id='word_1_46' title='bbox 549 950 619 988; x_wconf 89' lang='lat' dir='ltr'>re</span> <span class='ocrx_word' id='word_1_47' title='bbox 635 930 828 989; x_wconf 89' lang='lat' dir='ltr'>ceteri</span> <span class='ocrx_word' id='word_1_48' title='bbox 861 928 1099 1003; x_wconf 83' lang='lat' dir='ltr'>offensi,</span> <span class='ocrx_word' id='word_1_49' title='bbox 1124 928 1358 988; x_wconf 87' lang='lat' dir='ltr'>bellum</span> <span class='ocrx_word' id='word_1_50' title='bbox 1393 942 1610 987; x_wconf 87' lang='lat' dir='ltr'>contra</span> <span class='ocrx_word' id='word_1_51' title='bbox 1641 949 1784 987; x_wconf 88' lang='lat' dir='ltr'>eum</span> 
     </span>
     <span class='ocr_line' id='line_1_9' title="bbox 91 1015 1787 1080; baseline -0.002 0"><span class='ocrx_word' id='word_1_52' title='bbox 91 1020 526 1080; x_wconf 79' lang='lat' dir='ltr'>decreverunt.</span> <span class='ocrx_word' id='word_1_53' title='bbox 573 1016 661 1075; x_wconf 93' lang='lat' dir='ltr'>At</span> <span class='ocrx_word' id='word_1_54' title='bbox 696 1040 773 1078; x_wconf 82' lang='lat' dir='ltr'>ex</span> <span class='ocrx_word' id='word_1_55' title='bbox 806 1016 928 1077; x_wconf 90' lang='lat' dir='ltr'>alio</span> <span class='ocrx_word' id='word_1_56' title='bbox 965 1017 1219 1078; x_wconf 90' lang='lat' dir='ltr'>oraculo</span> <span class='ocrx_word' id='word_1_57' title='bbox 1268 1019 1496 1078; x_wconf 89' lang='lat' dir='ltr'>iterum</span> <span class='ocrx_word' id='word_1_58' title='bbox 1543 1015 1787 1077; x_wconf 88' lang='lat' dir='ltr'>intelle-</span> 
     </span>
     <span class='ocr_line' id='line_1_10' title="bbox 92 1103 1788 1187; baseline -0.004 -19"><span class='ocrx_word' id='word_1_59' title='bbox 92 1111 187 1168; x_wconf 77' lang='lat' dir='ltr'>xit</span> <span class='ocrx_word' id='word_1_60' title='bbox 229 1129 292 1167; x_wconf 90' lang='lat' dir='ltr'>se</span> <span class='ocrx_word' id='word_1_61' title='bbox 327 1127 546 1167; x_wconf 88' lang='lat' dir='ltr'>aeneos</span> <span class='ocrx_word' id='word_1_62' title='bbox 582 1103 865 1166; x_wconf 87' lang='lat' dir='ltr'>homines</span> <span class='ocrx_word' id='word_1_63' title='bbox 899 1108 962 1163; x_wconf 92' lang='lat' dir='ltr'>in</span> <span class='ocrx_word' id='word_1_64' title='bbox 1011 1106 1312 1165; x_wconf 70' lang='lat' dir='ltr'>auxilium</span> <span class='ocrx_word' id='word_1_65' title='bbox 1345 1119 1788 1187; x_wconf 83' lang='lat' dir='ltr'>accepturum3</span> 
     </span>
     <span class='ocr_line' id='line_1_11' title="bbox 86 1193 1785 1276; baseline -0.005 -18"><span class='ocrx_word' id='word_1_66' title='bbox 86 1211 150 1258; x_wconf 87' lang='lat' dir='ltr'>et</span> <span class='ocrx_word' id='word_1_67' title='bbox 186 1217 409 1271; x_wconf 84' lang='lat' dir='ltr'>revera</span> <span class='ocrx_word' id='word_1_68' title='bbox 450 1195 836 1255; x_wconf 85' lang='lat' dir='ltr'>Graecorum</span> <span class='ocrx_word' id='word_1_69' title='bbox 885 1215 952 1253; x_wconf 88' lang='lat' dir='ltr'>ac</span> <span class='ocrx_word' id='word_1_70' title='bbox 985 1194 1270 1255; x_wconf 83' lang='lat' dir='ltr'>Arabum</span> <span class='ocrx_word' id='word_1_71' title='bbox 1309 1217 1426 1276; x_wconf 88' lang='lat' dir='ltr'>ope</span> <span class='ocrx_word' id='word_1_72' title='bbox 1445 1193 1626 1254; x_wconf 82' lang='lat' dir='ltr'>brevi</span> <span class='ocrx_word' id='word_1_73' title='bbox 1652 1216 1785 1253; x_wconf 83' lang='lat' dir='ltr'>om-</span> 
     </span>
     <span class='ocr_line' id='line_1_12' title="bbox 85 1283 1783 1366; baseline -0.004 -21"><span class='ocrx_word' id='word_1_74' title='bbox 85 1307 194 1345; x_wconf 86' lang='lat' dir='ltr'>nes</span> <span class='ocrx_word' id='word_1_75' title='bbox 239 1283 509 1359; x_wconf 81' lang='lat' dir='ltr'>devicit,</span> <span class='ocrx_word' id='word_1_76' title='bbox 557 1285 623 1364; x_wconf 85' lang='lat' dir='ltr'>a)</span> <span class='ocrx_word' id='word_1_77' title='bbox 656 1283 1048 1366; x_wconf 82' lang='lat' dir='ltr'>Azotumque</span> <span class='ocrx_word' id='word_1_78' title='bbox 1105 1286 1419 1343; x_wconf 84' lang='lat' dir='ltr'>civitatem</span> <span class='ocrx_word' id='word_1_79' title='bbox 1470 1285 1567 1344; x_wconf 74' lang='lat'><strong>29.</strong></span> <span class='ocrx_word' id='word_1_80' title='bbox 1606 1283 1783 1340; x_wconf 83' lang='lat' dir='ltr'>annis</span> 
     </span>
     <span class='ocr_line' id='line_1_13' title="bbox 90 1371 1786 1455; baseline -0.002 -23"><span class='ocrx_word' id='word_1_81' title='bbox 90 1375 152 1455; x_wconf 78' lang='lat' dir='ltr'>b)</span> <span class='ocrx_word' id='word_1_82' title='bbox 193 1373 502 1433; x_wconf 84' lang='lat' dir='ltr'>obsessam</span> <span class='ocrx_word' id='word_1_83' title='bbox 534 1375 782 1455; x_wconf 87' lang='lat' dir='ltr'>capiens</span> <span class='ocrx_word' id='word_1_84' title='bbox 807 1419 822 1447; x_wconf 86' lang='lat'>,</span> <span class='ocrx_word' id='word_1_85' title='bbox 858 1372 1107 1433; x_wconf 88' lang='lat' dir='ltr'>tandem</span> <span class='ocrx_word' id='word_1_86' title='bbox 1126 1376 1315 1432; x_wconf 90' lang='lat' dir='ltr'>totius</span> <span class='ocrx_word' id='word_1_87' title='bbox 1359 1371 1631 1454; x_wconf 79' lang='lat' dir='ltr'>Aegypti</span> <span class='ocrx_word' id='word_1_88' title='bbox 1657 1372 1786 1429; x_wconf 78' lang='lat' dir='ltr'>Do·-</span> 
     </span>
     <span class='ocr_line' id='line_1_14' title="bbox 89 1460 1784 1544; baseline -0.004 -22"><span class='ocrx_word' id='word_1_89' title='bbox 89 1463 294 1522; x_wconf 87' lang='lat' dir='ltr'>minus</span> <span class='ocrx_word' id='word_1_90' title='bbox 318 1460 512 1519; x_wconf 85' lang='lat' dir='ltr'>factus</span> <span class='ocrx_word' id='word_1_91' title='bbox 537 1475 642 1520; x_wconf 89' lang='lat' dir='ltr'>est.</span> <span class='ocrx_word' id='word_1_92' title='bbox 692 1463 830 1532; x_wconf 85' lang='lat' dir='ltr'>Quo</span> <span class='ocrx_word' id='word_1_93' title='bbox 857 1475 1140 1544; x_wconf 87' lang='lat' dir='ltr'>tempore</span> <span class='ocrx_word' id='word_1_94' title='bbox 1161 1465 1327 1520; x_wconf 86' lang='lat' dir='ltr'>varia</span> <span class='ocrx_word' id='word_1_95' title='bbox 1355 1461 1608 1520; x_wconf 84' lang='lat' dir='ltr'>Graecis</span> <span class='ocrx_word' id='word_1_96' title='bbox 1632 1481 1784 1517; x_wconf 89' lang='lat' dir='ltr'>con-</span> 
     </span>
     <span class='ocr_line' id='line_1_15' title="bbox 87 1546 1783 1633; baseline -0.004 -23"><span class='ocrx_word' id='word_1_97' title='bbox 87 1549 234 1610; x_wconf 85' lang='lat' dir='ltr'>tulit</span> <span class='ocrx_word' id='word_1_98' title='bbox 266 1547 581 1610; x_wconf 85' lang='lat' dir='ltr'>beneficia.</span> <span class='ocrx_word' id='word_1_99' title='bbox 633 1548 886 1629; x_wconf 82' lang='lat' dir='ltr'>Scythas</span> <span class='ocrx_word' id='word_1_100' title='bbox 933 1550 1011 1608; x_wconf 84' lang='lat' dir='ltr'>ab</span> <span class='ocrx_word' id='word_1_101' title='bbox 1050 1550 1234 1611; x_wconf 90' lang='lat' dir='ltr'>Asiae</span> <span class='ocrx_word' id='word_1_102' title='bbox 1277 1546 1783 1633; x_wconf 84' lang='lat' dir='ltr'>populationibus</span> 
     </span>
     <span class='ocr_line' id='line_1_16' title="bbox 92 1636 1788 1720; baseline -0.004 -22"><span class='ocrx_word' id='word_1_103' title='bbox 92 1643 158 1698; x_wconf 87' lang='lat' dir='ltr'>in</span> <span class='ocrx_word' id='word_1_104' title='bbox 189 1661 452 1720; x_wconf 81' lang='lat' dir='ltr'>regnum</span> <span class='ocrx_word' id='word_1_105' title='bbox 488 1640 795 1698; x_wconf 87' lang='lat' dir='ltr'>irruentes</span> <span class='ocrx_word' id='word_1_106' title='bbox 831 1638 1009 1697; x_wconf 90' lang='lat' dir='ltr'>donis</span> <span class='ocrx_word' id='word_1_107' title='bbox 1049 1646 1360 1714; x_wconf 73' lang='lat' dir='ltr'>removit,</span> <span class='ocrx_word' id='word_1_108' title='bbox 1407 1637 1596 1697; x_wconf 88' lang='lat' dir='ltr'>sedin</span> <span class='ocrx_word' id='word_1_109' title='bbox 1638 1636 1788 1694; x_wconf 86' lang='lat' dir='ltr'>ulti-</span> 
     </span>
     <span class='ocr_line' id='line_1_17' title="bbox 90 1724 1790 1808; baseline -0.004 -22"><span class='ocrx_word' id='word_1_110' title='bbox 90 1749 192 1786; x_wconf 85' lang='lat' dir='ltr'>ma</span> <span class='ocrx_word' id='word_1_111' title='bbox 234 1724 634 1808; x_wconf 77' lang='lat' dir='ltr'>expeditione</span> <span class='ocrx_word' id='word_1_112' title='bbox 671 1748 810 1800; x_wconf 90' lang='lat' dir='ltr'>sua,</span> <span class='ocrx_word' id='word_1_113' title='bbox 874 1750 1069 1808; x_wconf 85' lang='lat' dir='ltr'>quum</span> <span class='ocrx_word' id='word_1_114' title='bbox 1112 1729 1513 1788; x_wconf 84' lang='lat' dir='ltr'>mercenariis</span> <span class='ocrx_word' id='word_1_115' title='bbox 1569 1724 1790 1783; x_wconf 80' lang='lat' dir='ltr'>militi-</span> 
     </span>
     <span class='ocr_line' id='line_1_18' title="bbox 92 1814 1785 1897; baseline -0.003 -23"><span class='ocrx_word' id='word_1_116' title='bbox 92 1815 209 1875; x_wconf 86' lang='lat' dir='ltr'>bus</span> <span class='ocrx_word' id='word_1_117' title='bbox 255 1836 410 1897; x_wconf 88' lang='lat' dir='ltr'>quos</span> <span class='ocrx_word' id='word_1_118' title='bbox 468 1836 695 1895; x_wconf 79' lang='lat' dir='ltr'>magno</span> <span class='ocrx_word' id='word_1_119' title='bbox 756 1815 963 1874; x_wconf 86' lang='lat' dir='ltr'>alebat</span> <span class='ocrx_word' id='word_1_120' title='bbox 1007 1837 1271 1876; x_wconf 88' lang='lat' dir='ltr'>numero</span> <span class='ocrx_word' id='word_1_121' title='bbox 1299 1862 1315 1890; x_wconf 93' lang='lat'>,</span> <span class='ocrx_word' id='word_1_122' title='bbox 1361 1814 1680 1874; x_wconf 73' lang='lat' dir='ltr'>dexteram</span> <span class='ocrx_word' id='word_1_123' title='bbox 1720 1814 1785 1869; x_wconf 89' lang='lat' dir='ltr'>in</span> 
     </span>
     <span class='ocr_line' id='line_1_19' title="bbox 94 1903 1789 1984; baseline -0.004 -21"><span class='ocrx_word' id='word_1_124' title='bbox 94 1906 224 1963; x_wconf 85' lang='lat' dir='ltr'>acie</span> <span class='ocrx_word' id='word_1_125' title='bbox 263 1903 420 1961; x_wconf 87' lang='lat' dir='ltr'>alam</span> <span class='ocrx_word' id='word_1_126' title='bbox 445 1948 461 1978; x_wconf 88' lang='lat'>,</span> <span class='ocrx_word' id='word_1_127' title='bbox 508 1906 630 1962; x_wconf 89' lang='lat' dir='ltr'>suis</span> <span class='ocrx_word' id='word_1_128' title='bbox 665 1925 817 1964; x_wconf 83' lang='lat' dir='ltr'>vero</span> <span class='ocrx_word' id='word_1_129' title='bbox 842 1906 1166 1984; x_wconf 12' lang='lat' dir='ltr'>‘sinistram</span> <span class='ocrx_word' id='word_1_130' title='bbox 1199 1905 1611 1977; x_wconf 85' lang='lat' dir='ltr'>concessisset,</span> <span class='ocrx_word' id='word_1_131' title='bbox 1657 1924 1789 1960; x_wconf 76' lang='lat' dir='ltr'>ma-</span> 
     </span>
     <span class='ocr_line' id='line_1_20' title="bbox 92 1990 1791 2074; baseline -0.004 -21"><span class='ocrx_word' id='word_1_132' title='bbox 92 1994 324 2053; x_wconf 79' lang='lat' dir='ltr'>ximam</span> <span class='ocrx_word' id='word_1_133' title='bbox 353 1990 835 2051; x_wconf 86' lang='lat' dir='ltr'>domesticorum</span> <span class='ocrx_word' id='word_1_134' title='bbox 875 2007 1117 2074; x_wconf 84' lang='lat' dir='ltr'>partem</span> <span class='ocrx_word' id='word_1_135' title='bbox 1155 1994 1393 2067; x_wconf 71' lang='lat' dir='ltr'>amisit,</span> <span class='ocrx_word' id='word_1_136' title='bbox 1439 2014 1583 2049; x_wconf 85' lang='lat' dir='ltr'>nam</span> <span class='ocrx_word' id='word_1_137' title='bbox 1623 1990 1791 2047; x_wconf 84' lang='lat' dir='ltr'>mili-</span> 
     </span>
     <span class='ocr_line' id='line_1_21' title="bbox 94 2077 1793 2164; baseline -0.004 -22"><span class='ocrx_word' id='word_1_138' title='bbox 94 2096 183 2142; x_wconf 85' lang='lat' dir='ltr'>tes</span> <span class='ocrx_word' id='word_1_139' title='bbox 216 2080 512 2164; x_wconf 81' lang='lat' dir='ltr'>Aegyptii</span> <span class='ocrx_word' id='word_1_140' title='bbox 540 2078 616 2138; x_wconf 84' lang='lat' dir='ltr'>ad</span> <span class='ocrx_word' id='word_1_141' title='bbox 663 2084 805 2140; x_wconf 83' lang='lat'><strong>200.</strong></span> <span class='ocrx_word' id='word_1_142' title='bbox 839 2080 1032 2138; x_wconf 81' lang='lat' dir='ltr'>millia</span> <span class='ocrx_word' id='word_1_143' title='bbox 1060 2083 1123 2139; x_wconf 87' lang='lat' dir='ltr'>in</span> <span class='ocrx_word' id='word_1_144' title='bbox 1163 2079 1558 2163; x_wconf 86' lang='lat' dir='ltr'>Aethiopiam</span> <span class='ocrx_word' id='word_1_145' title='bbox 1596 2077 1793 2138; x_wconf 87' lang='lat' dir='ltr'>demi-</span> 
     </span>
     <span class='ocr_line' id='line_1_22' title="bbox 103 2167 1797 2254; baseline -0.002 -26"><span class='ocrx_word' id='word_1_146' title='bbox 103 2184 402 2254; x_wconf 72' lang='lat' dir='ltr'>grarunt,</span> <span class='ocrx_word' id='word_1_147' title='bbox 450 2191 527 2229; x_wconf 81' lang='lat' dir='ltr'>ex</span> <span class='ocrx_word' id='word_1_148' title='bbox 567 2191 691 2251; x_wconf 88' lang='lat' dir='ltr'>qua</span> <span class='ocrx_word' id='word_1_149' title='bbox 731 2190 836 2227; x_wconf 87' lang='lat' dir='ltr'>sua</span> <span class='ocrx_word' id='word_1_150' title='bbox 877 2169 1219 2230; x_wconf 82' lang='lat' dir='ltr'>ambitione</span> <span class='ocrx_word' id='word_1_151' title='bbox 1256 2192 1395 2230; x_wconf 88' lang='lat' dir='ltr'>sero</span> <span class='ocrx_word' id='word_1_152' title='bbox 1428 2168 1666 2251; x_wconf 87' lang='lat' dir='ltr'>aliquid</span> <span class='ocrx_word' id='word_1_153' title='bbox 1699 2167 1797 2226; x_wconf 84' lang='lat' dir='ltr'>di-</span> 
     </span>
     <span class='ocr_line' id='line_1_23' title="bbox 102 2255 1796 2341; baseline -0.004 -20"><span class='ocrx_word' id='word_1_154' title='bbox 102 2281 274 2321; x_wconf 85' lang='lat' dir='ltr'>scere</span> <span class='ocrx_word' id='word_1_155' title='bbox 322 2260 544 2341; x_wconf 82' lang='lat' dir='ltr'>potuit.</span> <span class='ocrx_word' id='word_1_156' title='bbox 597 2258 902 2319; x_wconf 88' lang='lat' dir='ltr'>Successit</span> <span class='ocrx_word' id='word_1_157' title='bbox 954 2261 1011 2319; x_wconf 92' lang='lat' dir='ltr'>ei</span> <span class='ocrx_word' id='word_1_158' title='bbox 1070 2257 1229 2318; x_wconf 87' lang='lat' dir='ltr'>filius</span> <span class='ocrx_word' id='word_1_159' title='bbox 1263 2263 1466 2317; x_wconf 76' lang='lat' dir='ltr'>Neczcs</span> <span class='ocrx_word' id='word_1_160' title='bbox 1516 2260 1572 2338; x_wconf 85' lang='lat' dir='ltr'>c)</span> <span class='ocrx_word' id='word_1_161' title='bbox 1618 2255 1796 2340; x_wconf 78' lang='lat' dir='ltr'>-juxta</span> 
     </span>
     <span class='ocr_line' id='line_1_24' title="bbox 100 2347 1796 2432; baseline -0.003 -24"><span class='ocrx_word' id='word_1_162' title='bbox 100 2350 478 2432; x_wconf 85' lang='lat' dir='ltr'>scripturam</span> <span class='ocrx_word' id='word_1_163' title='bbox 525 2347 583 2406; x_wconf 91' lang='lat' dir='ltr'>S.</span> <span class='ocrx_word' id='word_1_164' title='bbox 632 2350 888 2405; x_wconf 73' lang='lat' dir='ltr'>ZVeclzcco</span> <span class='ocrx_word' id='word_1_165' title='bbox 934 2351 1043 2429; x_wconf 83' lang='lat' dir='ltr'>qui</span> <span class='ocrx_word' id='word_1_166' title='bbox 1096 2347 1330 2407; x_wconf 89' lang='lat' dir='ltr'>frustra</span> <span class='ocrx_word' id='word_1_167' title='bbox 1364 2350 1550 2407; x_wconf 85' lang='lat' dir='ltr'>maris</span> <span class='ocrx_word' id='word_1_168' title='bbox 1612 2347 1796 2405; x_wconf 81' lang='lat' dir='ltr'>rubri</span> 
     </span>
     <span class='ocr_line' id='line_1_25' title="bbox 104 2434 1799 2519; baseline -0.002 -21"><span class='ocrx_word' id='word_1_169' title='bbox 104 2452 167 2498; x_wconf 88' lang='lat' dir='ltr'>et</span> <span class='ocrx_word' id='word_1_170' title='bbox 196 2435 639 2497; x_wconf 84' lang='lat' dir='ltr'>mediterranei</span> <span class='ocrx_word' id='word_1_171' title='bbox 657 2435 1163 2519; x_wconf 87' lang='lat' dir='ltr'>conjunctionem</span> <span class='ocrx_word' id='word_1_172' title='bbox 1183 2439 1247 2518; x_wconf 83' lang='lat' dir='ltr'>cl)</span> <span class='ocrx_word' id='word_1_173' title='bbox 1274 2439 1570 2512; x_wconf 77' lang='lat' dir='ltr'>tentavit3</span> <span class='ocrx_word' id='word_1_174' title='bbox 1596 2434 1799 2495; x_wconf 89' lang='lat' dir='ltr'>Phoe-</span> 
     </span>
     <span class='ocr_line' id='line_1_26' title="bbox 103 2523 1801 2608; baseline -0.002 -23"><span class='ocrx_word' id='word_1_175' title='bbox 103 2529 269 2585; x_wconf 90' lang='lat' dir='ltr'>nices</span> <span class='ocrx_word' id='word_1_176' title='bbox 288 2540 490 2585; x_wconf 86' lang='lat' dir='ltr'>tamen</span> <span class='ocrx_word' id='word_1_177' title='bbox 513 2528 751 2608; x_wconf 87' lang='lat' dir='ltr'>primus</span> <span class='ocrx_word' id='word_1_178' title='bbox 773 2526 1053 2584; x_wconf 90' lang='lat' dir='ltr'>Africam</span> <span class='ocrx_word' id='word_1_179' title='bbox 1081 2529 1317 2586; x_wconf 90' lang='lat' dir='ltr'>circum</span> <span class='ocrx_word' id='word_1_180' title='bbox 1350 2528 1647 2606; x_wconf 77' lang='lat' dir='ltr'>navigare</span> <span class='ocrx_word' id='word_1_181' title='bbox 1675 2523 1801 2606; x_wconf 88' lang='lat' dir='ltr'>jus-</span> 
     </span>
    </p>
   </div>
   <div class='ocr_carea' id='block_1_3' title="bbox 103 2613 1798 2695">
    <p class='ocr_par' dir='ltr' id='par_1_3' title="bbox 103 2613 1798 2695">
     <span class='ocr_line' id='line_1_27' title="bbox 103 2613 1798 2695; baseline -0.001 -22"><span class='ocrx_word' id='word_1_182' title='bbox 103 2618 200 2690; x_wconf 89' lang='lat' dir='ltr'>sit,</span> <span class='ocrx_word' id='word_1_183' title='bbox 246 2615 302 2694; x_wconf 82' lang='lat' dir='ltr'>e)</span> <span class='ocrx_word' id='word_1_184' title='bbox 348 2613 454 2674; x_wconf 89' lang='lat' dir='ltr'>sed</span> <span class='ocrx_word' id='word_1_185' title='bbox 477 2637 512 2672; x_wconf 89' lang='lat' dir='ltr'>a</span> <span class='ocrx_word' id='word_1_186' title='bbox 541 2616 1137 2674; x_wconf 68' lang='lat' dir='ltr'>Nabuchoclonosore</span> <span class='ocrx_word' id='word_1_187' title='bbox 1182 2616 1470 2695; x_wconf 85' lang='lat' dir='ltr'>victusf)</span> <span class='ocrx_word' id='word_1_188' title='bbox 1518 2617 1582 2672; x_wconf 90' lang='lat' dir='ltr'>in</span> <span class='ocrx_word' id='word_1_189' title='bbox 1605 2636 1798 2695; x_wconf 78' lang='lat' dir='ltr'>angu-</span> 
     </span>
    </p>
   </div>
   <div class='ocr_carea' id='block_1_4' title="bbox 1556 2704 1712 2762">
    <p class='ocr_par' dir='ltr' id='par_1_4' title="bbox 1556 2704 1712 2762">
     <span class='ocr_line' id='line_1_28' title="bbox 1556 2704 1712 2762; baseline 0.006 -1"><span class='ocrx_word' id='word_1_190' title='bbox 1556 2704 1712 2762; x_wconf 87' lang='lat' dir='ltr'>stio-</span> 
     </span>
    </p>
   </div>
   <div class='ocr_carea' id='block_1_5' title="bbox 115 2791 431 2806">
    <p class='ocr_par' dir='ltr' id='par_1_5' title="bbox 115 2791 431 2806">
     <span class='ocr_line' id='line_1_29' title="bbox 115 2791 431 2806; baseline 0 980"><span class='ocrx_word' id='word_1_191' title='bbox 115 2791 431 2806; x_wconf 95' lang='lat' dir='ltr'> </span> 
     </span>
    </p>
   </div>
   <div class='ocr_carea' id='block_1_6' title="bbox 178 2868 1801 3225">
    <p class='ocr_par' dir='ltr' id='par_1_6' title="bbox 178 2868 1801 3225">
     <span class='ocr_line' id='line_1_30' title="bbox 178 2868 1798 2942; baseline 0.002 -19"><span class='ocrx_word' id='word_1_192' title='bbox 178 2874 234 2938; x_wconf 78' lang='grc' dir='ltr'>(ι)</span> <span class='ocrx_word' id='word_1_193' title='bbox 275 2869 504 2923; x_wconf 84' lang='lat' dir='ltr'>Diodor.</span> <span class='ocrx_word' id='word_1_194' title='bbox 539 2869 646 2922; x_wconf 81' lang='lat' dir='ltr'><strong>Sic.</strong></span> <span class='ocrx_word' id='word_1_195' title='bbox 686 2869 747 2921; x_wconf 93' lang='lat' dir='ltr'>L.</span> <span class='ocrx_word' id='word_1_196' title='bbox 787 2868 836 2924; x_wconf 79' lang='grc'>1.</span> <span class='ocrx_word' id='word_1_197' title='bbox 868 2889 923 2941; x_wconf 81' lang='lat' dir='ltr'>p.</span> <span class='ocrx_word' id='word_1_198' title='bbox 964 2868 1051 2921; x_wconf 78' lang='grc'>42.</span> <span class='ocrx_word' id='word_1_199' title='bbox 1092 2868 1179 2926; x_wconf 83' lang='grc'>43.</span> <span class='ocrx_word' id='word_1_200' title='bbox 1253 2869 1306 2942; x_wconf 85' lang='lat' dir='ltr'>b)</span> <span class='ocrx_word' id='word_1_201' title='bbox 1345 2869 1613 2926; x_wconf 85' lang='lat' dir='ltr'>Herodot.</span> <span class='ocrx_word' id='word_1_202' title='bbox 1644 2872 1702 2924; x_wconf 90' lang='lat' dir='ltr'>L.</span> <span class='ocrx_word' id='word_1_203' title='bbox 1742 2870 1798 2927; x_wconf 76' lang='grc'>2.</span> 
     </span>
     <span class='ocr_line' id='line_1_31' title="bbox 268 2939 1760 3010; baseline 0.001 -18"><span class='ocrx_word' id='word_1_204' title='bbox 268 2962 311 2995; x_wconf 87' lang='lat' dir='ltr'>c.</span> <span class='ocrx_word' id='word_1_205' title='bbox 350 2939 463 2993; x_wconf 84' lang='grc'><strong>157.</strong></span> <span class='ocrx_word' id='word_1_206' title='bbox 537 2940 589 3010; x_wconf 80' lang='lat' dir='ltr'>c)</span> <span class='ocrx_word' id='word_1_207' title='bbox 627 2939 677 2992; x_wconf 79' lang='lat'><strong>4.</strong></span> <span class='ocrx_word' id='word_1_208' title='bbox 714 2941 848 3009; x_wconf 79' lang='lat' dir='ltr'><strong>Reg.</strong></span> <span class='ocrx_word' id='word_1_209' title='bbox 895 2961 937 2991; x_wconf 84' lang='lat' dir='ltr'>c.</span> <span class='ocrx_word' id='word_1_210' title='bbox 975 2940 1059 2992; x_wconf 78' lang='lat'><strong>23.</strong></span> <span class='ocrx_word' id='word_1_211' title='bbox 1092 2961 1145 2996; x_wconf 76' lang='lat' dir='ltr'><strong>V.</strong></span> <span class='ocrx_word' id='word_1_212' title='bbox 1185 2940 1271 2992; x_wconf 73' lang='lat'><strong>29.</strong></span> <span class='ocrx_word' id='word_1_213' title='bbox 1313 2943 1576 2993; x_wconf 85' lang='lat' dir='ltr'>Herodot.</span> <span class='ocrx_word' id='word_1_214' title='bbox 1607 2943 1670 2994; x_wconf 89' lang='lat' dir='ltr'>L.</span> <span class='ocrx_word' id='word_1_215' title='bbox 1709 2942 1760 2994; x_wconf 73' lang='lat'><strong>2.</strong></span> 
     </span>
     <span class='ocr_line' id='line_1_32' title="bbox 264 3010 1801 3082; baseline 0.002 -20"><span class='ocrx_word' id='word_1_216' title='bbox 264 3012 323 3077; x_wconf 81' lang='lat' dir='ltr'>d)</span> <span class='ocrx_word' id='word_1_217' title='bbox 366 3012 625 3063; x_wconf 86' lang='lat' dir='ltr'>Herodot.</span> <span class='ocrx_word' id='word_1_218' title='bbox 661 3011 725 3066; x_wconf 81' lang='lat' dir='ltr'>L.</span> <span class='ocrx_word' id='word_1_219' title='bbox 765 3011 819 3065; x_wconf 75' lang='lat'>⁶2.</span> <span class='ocrx_word' id='word_1_220' title='bbox 858 3011 1074 3068; x_wconf 66' lang='lat' dir='ltr'>StrabQ</span> <span class='ocrx_word' id='word_1_221' title='bbox 1112 3012 1180 3066; x_wconf 77' lang='lat' dir='ltr'><strong>L.</strong></span> <span class='ocrx_word' id='word_1_222' title='bbox 1220 3010 1307 3065; x_wconf 80' lang='grc'>17.</span> <span class='ocrx_word' id='word_1_223' title='bbox 1352 3013 1400 3082; x_wconf 76' lang='lat'><strong>§.</strong></span> <span class='ocrx_word' id='word_1_224' title='bbox 1424 3013 1558 3068; x_wconf 78' lang='lat' dir='ltr'>ult.·</span> <span class='ocrx_word' id='word_1_225' title='bbox 1598 3016 1645 3074; x_wconf 84' lang='lat' dir='ltr'>e)</span> <span class='ocrx_word' id='word_1_226' title='bbox 1688 3016 1801 3065; x_wconf 78' lang='lat' dir='ltr'>He-</span> 
     </span>
     <span class='ocr_line' id='line_1_33' title="bbox 262 3079 1797 3154; baseline 0.003 -21"><span class='ocrx_word' id='word_1_227' title='bbox 262 3082 443 3133; x_wconf 90' lang='lat' dir='ltr'>rodot.</span> <span class='ocrx_word' id='word_1_228' title='bbox 471 3082 524 3133; x_wconf 90' lang='lat' dir='ltr'>in</span> <span class='ocrx_word' id='word_1_229' title='bbox 546 3080 910 3151; x_wconf 77' lang='lat' dir='ltr'>Melpomene.</span> <span class='ocrx_word' id='word_1_230' title='bbox 966 3079 1046 3154; x_wconf 81' lang='lat' dir='ltr'>f)</span> <span class='ocrx_word' id='word_1_231' title='bbox 1087 3083 1248 3135; x_wconf 85' lang='lat' dir='ltr'>idem.</span> <span class='ocrx_word' id='word_1_232' title='bbox 1286 3084 1346 3135; x_wconf 93' lang='lat' dir='ltr'><strong>L.</strong></span> <span class='ocrx_word' id='word_1_233' title='bbox 1389 3082 1446 3136; x_wconf 85' lang='lat' dir='ltr'>ll.</span> <span class='ocrx_word' id='word_1_234' title='bbox 1487 3103 1535 3137; x_wconf 85' lang='lat' dir='ltr'>c.</span> <span class='ocrx_word' id='word_1_235' title='bbox 1583 3081 1705 3140; x_wconf 78' lang='grc'><strong>159.</strong></span> <span class='ocrx_word' id='word_1_236' title='bbox 1744 3094 1797 3137; x_wconf 81' lang='lat' dir='ltr'>et</span> 
     </span>
     <span class='ocr_line' id='line_1_34' title="bbox 265 3150 1577 3225; baseline -0.001 -21"><span class='ocrx_word' id='word_1_237' title='bbox 265 3151 315 3211; x_wconf 62' lang='lat'><strong>4.</strong></span> <span class='ocrx_word' id='word_1_238' title='bbox 341 3153 476 3222; x_wconf 76' lang='lat' dir='ltr'><strong>ch.</strong></span> <span class='ocrx_word' id='word_1_239' title='bbox 514 3172 562 3207; x_wconf 86' lang='lat' dir='ltr'>c.</span> <span class='ocrx_word' id='word_1_240' title='bbox 598 3150 687 3209; x_wconf 67' lang='lat'>24.</span> <span class='ocrx_word' id='word_1_241' title='bbox 727 3171 783 3207; x_wconf 76' lang='lat' dir='ltr'><strong>v.</strong></span> <span class='ocrx_word' id='word_1_242' title='bbox 840 3152 886 3205; x_wconf 86' lang='lat'><strong>7.</strong></span> <span class='ocrx_word' id='word_1_243' title='bbox 927 3153 1216 3225; x_wconf 61' lang='lat' dir='ltr'>Joscplms.</span> <span class='ocrx_word' id='word_1_244' title='bbox 1248 3155 1311 3213; x_wconf 73' lang='lat' dir='ltr'>L,</span> <span class='ocrx_word' id='word_1_245' title='bbox 1347 3151 1426 3208; x_wconf 82' lang='grc'>10.</span> <span class='ocrx_word' id='word_1_246' title='bbox 1453 3174 1495 3207; x_wconf 88' lang='lat' dir='ltr'>c.</span> <span class='ocrx_word' id='word_1_247' title='bbox 1527 3153 1577 3212; x_wconf 73' lang='lat'>7.</span> 
     </span>
    </p>
   </div>
  </div>
 </body>
</html>
