2048 3786
297 239 667 294 Phoenicum
706 241 831 293 sive
885 239 1412 296 Chananaem-mn.
1515 245 1627 301 161

38 421 315 490 Quarum
341 420 614 501 gentium
648 416 870 474 Forma
904 419 1223 499 regiminis
1252 421 1540 501 proxime
1555 443 1726 483 acce-

31 506 220 567 debat
257 508 334 566 ad
370 510 753 591 primaevam
776 518 838 563 et
874 505 1392 580 innocentiorem,
1439 528 1596 589 quae
1618 533 1727 568 an-

30 611 92 656 te
138 596 477 669 diluvium,
525 608 631 651 aut
664 594 952 675 proxime
984 616 1018 651 a
1052 592 1294 654 diluvio
1342 595 1723 674 invaluerat,

22 683 229 745 demta
293 680 662 764 tyrannide,
724 703 870 739 nam
936 683 1000 738 in
1063 679 1394 742 Phoenicia
1445 684 1721 768 singulae

31 773 219 834 urbes
251 772 506 856 singulis
551 767 858 853 parebant
889 770 1139 852 regibus
1163 817 1178 845 ,
1225 770 1394 830 salva
1443 775 1726 834 omnium

25 861 346 939 libertate3
392 860 482 939 a)
540 871 820 920 ceterum
869 879 1029 918 unus
1081 873 1285 919 tamen
1324 860 1732 924 antecellebat

31 950 182 1010 alios
214 950 583 1008 auctoritate
615 960 722 1006 aut
737 946 998 1007 consilio
1025 961 1289 1031 propter
1305 949 1724 1028 concordiam,

29 1053 92 1099 et
141 1036 522 1121 reipublicae
560 1034 1052 1112 ordinationem,
1097 1035 1275 1120 cujus
1325 1038 1420 1097 rei
1461 1038 1727 1101 clarissi-

29 1150 131 1185 ma
175 1124 730 1208 deprehenduntur
775 1126 840 1183 in
875 1124 1078 1185 Sacris
1114 1124 1309 1185 literis
1340 1124 1401 1205 b)
1447 1130 1727 1212 vestigia.

26 1216 112 1274 Hi
152 1229 360 1276 tamen
398 1235 618 1297 regum
647 1234 1023 1274 successores
1075 1215 1189 1276 etsi
1238 1215 1431 1296 magis
1476 1219 1729 1298 tyranni

33 1318 266 1379 essent,
315 1304 603 1362 amabant
652 1315 854 1362 tamen
904 1324 968 1364 se
1018 1324 1197 1385 reges
1242 1304 1596 1384 nominari3
1641 1308 1728 1366 sic

31 1396 216 1451 Joszie
269 1391 477 1475 gladio
522 1393 825 1476 percussit
869 1392 926 1472 c)
973 1393 1260 1450 Jabinem
1283 1391 1526 1453 Hazore
1551 1396 1729 1478 prin-

33 1482 253 1564 cipem.
316 1517 401 1525 —
440 1482 733 1540 Successu
757 1482 1056 1563 temporis
1094 1479 1489 1541 celeberrimi
1521 1482 1604 1543 ob
1636 1482 1733 1541 di-

29 1572 211 1629 vitias
252 1584 314 1630 et
344 1572 688 1653 potentiam
728 1582 1059 1628 evaserunt
1095 1571 1261 1630 inter
1307 1590 1542 1647 omnes,
1597 1571 1728 1652 Ty-

36 1659 312 1732 riorum,
360 1671 423 1718 et
447 1657 853 1717 Sidoniorum
871 1658 1090 1740 RegeS,
1137 1654 1362 1717 harum
1386 1663 1731 1741 potentiam

36 1768 162 1806 non
209 1768 431 1829 parum
469 1747 923 1806 imminuerunt
961 1750 1414 1805 Salmanassar
1483 1763 1546 1809 et
1600 1752 1737 1807 Na·-

4 1875 8 1879 -
38 1835 528 1912 blechoclonosor3
574 1835 798 1915 Tyrios
832 1856 986 1895 vero
1022 1837 1381 1893 Alexander
1420 1838 1507 1898 M.
1555 1838 1736 1922 peni-

36 1938 132 1982 tus
177 1936 419 1985 evertit.

198 2029 245 2108 §.
293 2028 401 2089 IV.
452 2030 677 2086 Status
723 2030 915 2103 Belli,
943 2040 1004 2085 et
1028 2029 1331 2085 memoria
1364 2028 1735 2102 Principum

47 2120 363 2176 Virorum.
412 2113 778 2177 Phoenicios
806 2163 820 2192 ,
867 2118 1060 2176 vicini
1109 2130 1171 2176 et
1225 2116 1507 2199 portuosi
1550 2116 1741 2173 maris

36 2207 457 2288 oportunitaS,
502 2207 653 2266 item
698 2208 880 2289 copia
926 2207 1219 2287 optimae,
1264 2227 1341 2264 ex
1387 2201 1626 2264 caedris
1679 2217 1743 2264 et

41 2295 348 2355 abietibus
388 2294 613 2354 Libani
646 2297 874 2355 montis
911 2294 988 2354 ad
1033 2292 1354 2354 struendas
1388 2314 1574 2353 naves
1609 2314 1740 2351 ma-

47 2385 279 2459 teriae,
319 2386 624 2443 animosos
681 2383 964 2466 alioquin
1018 2382 1245 2442 incolas
1292 2393 1746 2466 permoverunt

48 2486 120 2529 ut
154 2470 227 2530 ad
269 2495 405 2532 rem
440 2474 751 2531 nauticam
787 2495 850 2533 se
897 2495 958 2533 se
993 2471 1396 2557 adplicarent,
1444 2484 1507 2532 et
1540 2472 1744 2529 victus

50 2581 367 2642 opumque
430 2582 647 2636 causa,
713 2584 864 2644 quas
932 2575 1066 2620 tum
1108 2559 1271 2644 justo
1320 2561 1699 2618 commercio
1725 2603 1742 2632 ,

51 2661 183 2705 tum
207 2650 468 2729 piratica
486 2664 845 2711 exercentes
865 2649 1151 2709 obtinere
1175 2648 1456 2708 solebant
1482 2672 1498 2724 3
1546 2668 1743 2730 quare

49 2756 327 2795 successu
372 2739 669 2819 temporis
709 2760 807 2798 res
842 2759 1062 2799 eorum
1087 2736 1557 2797 florentissimae
1600 2758 1744 2796 eva-

51 2821 199 2884 dere
241 2837 563 2908 poterant,
612 2828 912 2908 quoniam
953 2824 1154 2886 audax
1205 2823 1542 2908 sedulaque
1573 2825 1744 2882 natio

878 2914 932 2974 L
1579 2935 1658 2973 ex

117 3101 175 3172 a)
214 3103 400 3159 Josue,
441 3122 482 3158 ε.
528 3100 611 3154 12.
647 3121 695 3154 v.
738 3101 788 3159 7.
864 3101 919 3165 h)
954 3101 1124 3175 idem.
1169 3099 1316 3155 c.10.
1350 3120 1400 3156 v.
1437 3101 1485 3154 1.
1522 3120 1673 3173 seqq.
1697 3112 1747 3152 et

210 3193 256 3226 c.
292 3172 373 3226 11.
414 3191 464 3226 v.
503 3171 549 3227 1.
593 3191 742 3245 seqq.
817 3177 868 3238 c)
909 3173 1072 3226 idem.
1118 3194 1161 3224 c.
1199 3170 1280 3228 11.
1321 3190 1376 3229 v.
1417 3170 1497 3224 10.
