2048 3786
350 189 429 248 50

259 377 338 435 tis
374 377 563 434 India
617 380 1020 435 occidentalis
1064 390 1343 437 vocatur.
1408 375 1470 434 A
1509 374 1978 460 Septemtrione

255 463 448 527 habet
486 489 657 526 mare
705 466 954 548 glaciale
985 479 1048 527 et
1088 465 1346 527 Fretum
1376 464 1732 541 Hudzonis,
1773 491 1806 525 a
1845 468 1984 528 Me-

258 555 424 616 ridie
470 556 728 615 Fretum
765 554 1283 636 Magellanicum,
1325 555 1405 615 ab
1445 568 1591 614 ortu
1650 577 1824 615 mare
1857 555 1982 614 At-

258 644 597 719 lanticum,
636 646 714 703 ab
749 644 1071 706 occidente
1128 660 1304 706 mare
1357 643 1705 705 Pacificum.
1773 644 1981 703 Fluvii

260 735 587 820 praecipui
631 749 775 793 sunt
819 739 870 794 4.
921 736 1046 793 uti:
1107 736 1167 792 S.
1211 737 1556 793 Laurentii
1598 737 1658 793 in
1718 732 1981 793 Canada.

264 826 584 899 Misisslpi
633 828 693 882 in
727 823 994 883 Florida.
1040 825 1144 882 De
1175 827 1241 883 Za
1276 827 1471 883 Plata
1496 845 1603 885 seu
1640 823 1864 882 fluvius
1884 846 1985 881 ar-

264 929 525 998 genteus
593 915 656 972 in
714 915 1033 994 Paraguai.
1088 913 1378 996 Denique
1403 916 1671 972 Flavius
1718 914 1986 970 Amazo-

264 1027 428 1064 num.
479 1001 778 1062 ,Latitudo
820 1007 1004 1065 1500.
1048 1002 1200 1062 mill.
1230 1002 1590 1086 Longitudo
1617 1005 1804 1065 2400.
1838 1000 1987 1060 mill.

265 1107 508 1176 aequat.
555 1095 625 1149 In
669 1091 817 1152 duas
856 1092 1168 1153 dividitur
1192 1094 1548 1177 peninsulas
1588 1097 1816 1176 exiguo
1841 1085 1997 1150 [sth-

267 1205 387 1254 rnov
420 1180 815 1262 conjunctasg
859 1207 975 1242 una
1018 1186 1564 1258 Septemtrionalc‘s
1593 1232 1608 1260 ,
1634 1207 1740 1244 seu
1791 1183 1994 1240 Mexi-

270 1295 432 1330 cana
452 1296 477 1341 ,·
527 1270 646 1328 alia
688 1275 1132 1330 ‘Wericlionalls
1174 1294 1281 1332 seu
1327 1275 1689 1331 Pet-aviana
1720 1271 1991 1330 dicitur:

270 1363 634 1420 Perzwicma
668 1364 952 1421 eontinet
989 1364 1254 1418 Terram
1272 1364 1586 1436 Firmum,
1630 1363 1994 1430 Peruviam,

281 1452 453 1510 chila·
482 1494 496 1522 ,
544 1451 811 1507 Terram
858 1453 1401 1528 Magellanicam,
1459 1454 1517 1509 T
1512 1452 1998 1521 ucumamziczm‚

273 1542 800 1617 Paraqzmriccm,
847 1542 1244 1615 Bra-sillam,
1285 1553 1347 1597 et
1394 1543 1686 1620 Regnum
1727 1542 1996 1596 Amazo-

274 1651 439 1688 num.
493 1628 1035 1712 Septemtrionalis
1076 1652 1232 1691 vero
1276 1627 1492 1690 habet:
1541 1633 1863 1689 Mexicum
1891 1649 2000 1685 no—

275 1741 454 1791 vam,
517 1730 578 1775 ec
636 1723 970 1797 antiquum
994 1763 1010 1791 ,
1081 1722 1446 1794 Floridam,
1524 1732 1586 1777 et
1655 1721 2000 1778 Canadam.

281 1807 528 1881 Quibus
562 1808 864 1868 accedunt
905 1812 1093 1869 etiam
1140 1808 1386 1869 Insulae
1436 1807 1859 1870 Americanae.
1928 1807 2006 1865 In

284 1897 616 1972 America,
672 1900 880 1957 varios
926 1897 1176 1981 regulos
1209 1896 1640 1981 deposuerunt
1691 1896 2004 1979 Hispani,
2045 1945 2048 1950 ,

287 1989 398 2071 qui
430 1985 668 2046 ceteros
710 1989 1069 2071 Europaeos
1091 2001 1210 2046 tam
1246 1988 1649 2070 possessione,
1683 2008 1875 2070 quam
1896 2006 2012 2069 po-

288 2076 485 2137 tentia
516 2092 815 2159 superant
873 2080 937 2135 in
982 2077 1296 2139 America.
1346 2077 1628 2137 Tabacco
1654 2123 1670 2152 ,
1726 2096 2008 2148 saccaro,

288 2166 647 2247 margaritis
680 2165 990 2226 abundat:
1055 2189 1132 2227 ex
1166 2188 1340 2229 auro
1395 2181 1458 2227 et
1499 2180 1764 2247 argento
1797 2163 2010 2249 plures

290 2254 603 2316 milliones
646 2276 850 2317 annue
877 2256 1204 2315 lucrantur
1246 2257 1528 2340 Hispani.
1556 2256 1907 2328 Mexicani,
1944 2265 2009 2313 et

293 2346 567 2407 Peruani
617 2346 1115 2428 Imperatorihus
1164 2347 1288 2405 suis
1337 2359 1600 2430 parent,
1633 2341 2012 2429 Rempubli-

293 2456 429 2495 cam
465 2448 672 2495 tamen
705 2438 939 2493 sztae
977 2434 1295 2494 adminiStl
1310 2432 1458 2495 ant(

472 2526 729 2582 Insulae
766 2524 1183 2586 Americanae
1206 2524 1360 2585 aliae
1392 2522 1685 2606 MajoreS,
1709 2524 1866 2584 aliae
1886 2523 2003 2582 Μὶν

294 2635 482 2674 nores
521 2628 845 2673 vocantur.
899 2613 1171 2699 Majores
1211 2628 1389 2692 sunt,
1420 2617 1515 2676 uti
1545 2618 1849 2688 Antillae,
1881 2615 2009 2669 Hi-

296 2705 591 2780 spaniolcz
618 2750 632 2775 ,
679 2705 1015 2779 Jamaica,
1066 2706 1258 2779 Gaba,
1307 2719 1371 2764 et
1410 2707 1604 2764 Porto
1641 2707 1854 2764 Ricco.
1882 2703 2008 2762 Mi-

295 2813 483 2852 nores
527 2791 772 2853 Insulae
808 2808 995 2853 sunt:
1045 2796 1374 2870 Laccczjae
1420 2796 1538 2856 sub
1569 2791 1842 2865 Florida,
1895 2793 2017 2849 Ca—

299 2882 577 2955 ribicae,
644 2885 928 2955 C'alzczclc‘,
976 2886 1395 2958 BeremzccleS,
1443 2888 1694 2945 Azores.
1737 2883 1833 2943 De
1870 2883 2013 2964 qui-

300 2969 416 3029 bus
451 2969 600 3029 alibi
643 2969 823 3055 plura
864 2971 1234 3034 videbimus.
1307 2973 1373 3055 a)

1884 3153 1947 3225 a>
