2048 3786
306 191 424 248 108
891 193 1301 251 Ili-storia

199 372 367 433 tibus
411 371 818 458 juvarentur,
856 380 1092 438 nemini
1127 379 1296 439 enim
1335 376 1514 437 licuit
1558 377 1908 461 praeterire

199 485 455 546 aegrum
494 467 626 526 sine
676 470 810 527 noti
858 467 1119 529 remedii
1170 468 1778 539 communicatione,
1843 465 1911 544 a)

201 567 598 614 mortuorum
639 556 959 632 cadavera,
987 560 1049 616 in
1074 556 1259 618 melle
1295 555 1762 640 sepeliverunt,
1811 552 1907 610 lu-

208 657 342 701 ctus
378 641 733 706 funebrales
758 692 774 722 ‚
809 646 1134 730 Aegyptiis
1175 659 1354 707 erant
1390 643 1753 729 persimiles,

381 732 427 810 ᾗ.
465 735 518 793 5.
569 736 796 793 Status
849 738 1152 794 Politlcas
1207 737 1474 811 Imperii
1540 731 1920 805 Αεεγνὶαοί,

213 821 567 904 Imperium
604 823 932 907 politicum
976 841 1114 909 post
1153 823 1607 908 dispersionem
1656 818 1923 902 Babylo—

212 912 418 969 nicam
459 915 832 973 Nimrodzcm
866 937 1231 999 occupasse,
1294 928 1357 975 et
1419 916 1620 998 prima
1670 913 1930 971 Monar—

210 997 389 1059 chiae
433 999 833 1063 fundamenta
856 1006 1029 1078 Baby
1055 1010 1190 1063 lone
1223 1002 1433 1086 jecisse
1473 1004 1536 1083 b)
1570 999 1923 1062 communis

207 1103 300 1147 est
339 1091 590 1171 opini03
637 1112 830 1173 quem
882 1091 1129 1176 profani
1174 1095 1511 1176 scriptores
1572 1093 1735 1165 Bel,
1817 1109 1924 1147 seu

208 1179 418 1236 „ds-sm·
463 1194 706 1238 vocant.
751 1181 1039 1263 Regnum
1093 1180 1209 1241 hoc
1255 1181 1402 1240 alias
1455 1179 1690 1240 dicitur
1739 1179 1926 1238 etiam

209 1288 477 1347 regnum
526 1269 1024 1345 Chaldaeorum,
1072 1273 1220 1354 quia
1263 1291 1440 1351 reges
1474 1268 1838 1350 Babylonici
1862 1268 1928 1323 in

214 1353 524 1416 Chaldeae
567 1359 828 1439 regione
866 1381 1066 1442 aeque
1117 1358 1482 1442 regnabant.
1562 1359 1621 1438 c)
1689 1352 1931 1416 Deinde

212 1458 475 1504 vocatur
507 1458 568 1505 et
602 1468 872 1529 regnum
917 1453 1333 1524 Assyriorum
1362 1495 1378 1523 ,
1436 1446 1513 1506 ab
1556 1447 1768 1505 Assur
1824 1442 1936 1526 qui

214 1557 479 1617 regnum
515 1533 812 1617 Assyriae
842 1536 1160 1613 fundavit,
1187 1552 1249 1599 et
1272 1561 1306 1597 a
1329 1534 1653 1598 Chaldaeis
1686 1534 1762 1594 ad
1803 1536 1929 1595 As-

213 1627 411 1705 syrios
445 1646 760 1688 summum
798 1629 1137 1711 imperium
1194 1627 1550 1701 transtulit,
1599 1625 1701 1686 vel
1756 1622 1929 1709 quod

213 1713 422 1774 sedem
451 1736 691 1797 regum,
738 1716 816 1777 ad
851 1718 1143 1800 Assyriae
1174 1716 1581 1801 metropolim
1635 1717 1934 1776 Ninivem

217 1806 614 1887 transposuit.
664 1806 759 1866 Ex
796 1808 1027 1891 quibus
1054 1822 1225 1890 patet
1258 1806 1430 1890 quod
1475 1809 1540 1866 in
1575 1804 1694 1866 hoc
1731 1808 1932 1889 impe—

218 1895 315 1952 rio
364 1895 569 1976 prima
600 1896 895 1976 Dynastia
920 1896 1113 1958 fuerit
1149 1896 1384 1960 familia
1406 1899 1716 1971 Nimrodz}
1756 1892 1935 1976 cujus

219 1997 505 2066 tempore
569 1984 813 2045 Ctesias
850 1987 905 2070 *)
953 1985 1207 2048 deducit
1241 1985 1594 2046 fabulosum
1632 1985 1933 2066 Assyrio-

223 2095 366 2131 rum
402 2073 774 2155 imperium,
815 2100 865 2136 a.
906 2077 990 2139 M.
1024 2078 1209 2139 1980.
1259 2078 1602 2160 statuitque
1641 2073 1772 2157 ejus
1799 2094 1940 2133 suc-

229 2183 538 2221 cessorem
578 2164 854 2244 Ninum,
909 2170 1020 2250 qui
1068 2181 1278 2227 tamen
1317 2165 1502 2248 longe
1562 2164 1936 2227 recentioris

225 2253 361 2313 aevi
402 2264 552 2310 erat.
586 2253 652 2332 cl)
679 2256 837 2316 Nam
883 2259 1176 2318 Nimrodi
1212 2258 1448 2341 posteri
1473 2277 1581 2316 seu
1612 2251 1940 2315 Cuschitae

227 2355 367 2426 post
406 2341 549 2399 540.
575 2363 768 2405 annos
801 2345 879 2408 de
910 2348 1216 2430 regimine
1244 2344 1454 2428 pulsi,
1495 2344 1790 2428 deinceps
1822 2364 1939 2426 per

231 2431 372 2491 225·
427 2450 620 2489 annos
657 2433 947 2499 Chaldaei
996 2449 1377 2520 regnarunt,
1425 2435 1656 2518 quibus
1696 2431 1940 2493 Arabes

226 2534 464 2604 septem
482 2525 685 2602 reguli
701 2526 1099 2589 succedentes
1136 2529 1278 2588 210.
1314 2527 1491 2585 annis
1508 2522 1940 2608 praefuerunt,

231 2631 505 2693 quorum
543 2618 833 2678 Ultimum
864 2620 1016 2676 vicit
1062 2620 1268 2676 Ninus
1303 2614 1567 2676 celebris
1604 2612 1708 2674 ille
1755 2611 1944 2692 Assy-

235 2703 366 2760 riae
410 2698 751 2766 Monarcha
776 2753 791 2782 ,
824 2706 881 2787 e)
900 2710 1066 2767 circa
1107 2707 1192 2767 M.
1240 2706 1433 2768 2750.
1455 2701 1709 2766 Periodi
1742 2700 1944 2761 Julia-

1737 2813 1854 2852 nae

316 2892 379 2965 a)
419 2890 640 2962 Joseph.
672 2882 842 2954 antiq.
865 2883 931 2937 L.
964 2879 1046 2934 10.
1079 2900 1126 2934 c.
1151 2878 1235 2934 11.
1268 2876 1324 2947 b)
1360 2877 1588 2933 Diodor.
1619 2877 1682 2931 L.
1703 2875 1829 2934 2.c.
1852 2872 1938 2927 20.

402 2969 455 3029 c)
499 2955 768 3014 Herodot.
808 2957 874 3011 L.
914 2951 967 3008 1.
1010 2973 1056 3009 c.
1113 2950 1237 3007 197.
1293 2948 1417 3006 198.
1457 2949 1516 3017 d)
1573 2949 1714 3004 Gen.
1769 2968 1820 3003 c.
1855 2944 1946 2999 10.

347 3046 354 3051 ’
404 3053 458 3091 v.
513 3032 598 3086 10.
640 3027 690 3097 e)
723 3026 925 3078 Esdrae
965 3025 1028 3079 L.
1069 3022 1122 3079 1.
1171 3044 1219 3082 e.
1258 3024 1308 3080 5.
1339 3040 1394 3079 V.
1447 3020 1530 3074 12.
1572 3019 1866 3073 Michaeae.
1903 3034 1948 3066 c.

405 3107 454 3157 5.
486 3124 541 3162 v.
580 3103 630 3156 6.
668 3100 820 3167 Diog.
861 3096 1108 3150 Laertius
1161 3094 1393 3166 praefat.
1452 3094 1500 3218 ῗ.
1552 3089 1602 3147 2.
1637 3090 1833 3143 Euseb.
1894 3086 1950 3136 in

405 3174 830 3232 ChromGraec.
871 3188 930 3241 p.
951 3165 1032 3223 14.
1067 3164 1451 3240 Greg.Syncel
1475 3207 1487 3219 .
1526 3163 1733 3216 Chron.
1763 3180 1825 3234 p.
1862 3156 1950 3211 92.
