2048 3786
637 198 1111 255 Persarum.
1537 176 1662 238 225

61 397 264 462 niensi
297 391 374 454 ad
408 389 719 451 Plataeas
783 394 913 434 non
955 362 1145 426 modo
1181 360 1494 433 vincitur,
1545 356 1652 420 sed
1690 369 1755 417 et

67 485 391 551 occiditur.
440 483 572 538 Imo
616 464 840 528 Graeci
883 455 1098 520 eadem
1137 449 1278 522 die,
1312 447 1542 527 insigni
1577 466 1758 528 prae..

69 577 157 637 lio
193 568 401 633 navali
460 562 535 623 ad
588 555 892 634 Mycalen
932 541 1179 606 eosdem
1244 538 1460 596 Persas
1505 555 1762 615 supera..

71 677 238 727 runt.
287 660 487 740 Igitur
510 652 751 708 Xerxes
775 650 916 724 post
929 632 1035 692 has
1055 626 1328 689 infelices
1346 643 1600 706 pugnas,
1627 635 1764 679 tur-

67 770 338 838 pemque
371 743 579 825 fugam
625 733 881 794 domum
930 737 1256 789 ‘reversu8‚
1303 712 1454 771 dum
1505 733 1572 769 1n
1629 731 1763 768 ma-

69 862 260 924 gnum
292 851 549 896 suorum
586 829 969 884 contemtum
1022 807 1324 877 venisset,
1363 800 1441 858 ab
1484 799 1766 856 Artaba-

68 952 146 989 no
178 920 480 1011 principe,
516 909 800 996 corporis
852 903 946 962 sui
985 892 1269 965 custode,
1332 910 1447 972 per
1477 885 1768 947 fraudem

71 1021 139 1076 in
169 1009 457 1075 cubiculo
489 1006 951 1065 circumventus
995 987 1060 1066 a)
1112 978 1435 1043 occiditur.
1503 978 1642 1049 Quo
1672 974 1764 1034 fa-

72 1120 209 1166 cto:
250 1098 616 1159 Artabanus
656 1085 858 1148 eidem
900 1077 1101 1136 Xerxi
1124 1092 1237 1154 per
1282 1070 1414 1127 vim
1462 1067 1527 1124 in
1569 1085 1767 1146 regno

73 1191 392 1262 successit,
440 1185 551 1267 qui
606 1193 812 1237 tamen
866 1179 1006 1253 post
1059 1173 1294 1242 septem
1346 1154 1771 1237 usurpationis

75 1301 344 1351 menses,
385 1274 465 1334 ab
505 1272 869 1331 Antaxerxe
914 1252 1328 1331 Longimcm0,
1374 1241 1504 1305 filio
1534 1243 1771 1302 Xerxis

80 1371 202 1430 fuit
242 1362 622 1426 interfectus.

240 1456 319 1515 V.
367 1453 763 1510 Artaxerxes
802 1422 1283 1509 Longimcmzcs)
1322 1421 1555 1478 Xerxis
1609 1416 1772 1477 filius

79 1559 229 1607 natu
263 1543 556 1602 minimus
583 1581 599 1610 ,
643 1546 907 1611 regnum
930 1517 1047 1579 sibi
1080 1512 1216 1596 jure
1247 1507 1629 1570 hereditario
1660 1505 1771 1566 de·-

80 1637 286 1697 bitum
314 1622 768 1691 revindicavit,
829 1609 906 1670 ad
959 1624 1155 1688 quem
1191 1623 1242 1658 a.
1290 1612 1431 1658 ante
1466 1595 1576 1658 Ch.
1626 1595 1774 1656 471.

84 1721 353 1785 contuiit
413 1739 475 1778 se
531 1702 965 1772 Themistocles
1012 1707 1271 1772 magnus
1321 1687 1428 1747 ille
1486 1683 1777 1746 defensor

86 1826 151 1876 e't
206 1804 614 1891 amplificator
661 1814 802 1858 suae
845 1784 1126 1853 Patriae,
1193 1800 1229 1834 a
1270 1772 1777 1836 Lacedaemoniis

84 1897 460 1987 proditionis
491 1898 834 1953 accusatus,
881 1875 940 1953 b)
997 1871 1122 1926 imo
1164 1887 1279 1947 per
1326 1866 1780 1924 Ostracismum

87 1991 170 2051 ob
207 1987 466 2046 nimiam
501 1975 844 2064 potentiam
885 1954 1264 2027 amandatus,
1310 1949 1781 2029 honorificeque

93 2079 170 2138 ab
224 2078 581 2133 Artaxerxe
622 2071 948 2142 excethS,
999 2065 1145 2103 mox
1173 2040 1250 2099 ad
1297 2040 1535 2100 bellum
1577 2036 1782 2097 Athe—

92 2163 413 2226 niensibus
462 2150 857 2218 inferendum
888 2132 1280 2198 incitabatur·
1328 2130 1573 2190 Verum
1623 2128 1783 2184 The-

98 2255 427 2326 mistoclea,
473 2269 552 2307 ne
574 2256 680 2302 aut
720 2241 785 2298 in
827 2246 1038 2309 regem
1066 2223 1378 2301 ingratus,
1418 2232 1522 2277 aut
1567 2218 1631 2275 in
1668 2214 1787 2274 Pa-

95 2345 284 2404 triam
314 2339 538 2422 impius
557 2343 731 2404 esset,
775 2319 938 2384 mori
966 2312 1172 2397 potius
1201 2311 1446 2385 statuit3
1492 2320 1681 2387 atque
1711 2313 1784 2361 ut

98 2433 369 2491 moriens
409 2425 685 2494 Patriae,
733 2406 1019 2498 quamvis
1055 2401 1332 2479 ingratae
1391 2394 1785 2464 consuleret,

96 2541 308 2601 regem
358 2507 761 2595 jurejurando
817 2489 1189 2559 obstrinxit:
1237 2485 1475 2546 bellum
1532 2480 1789 2541 Graecis

98 2611 229 2667 sine
294 2602 693 2662 Themistocle
725 2613 853 2651 non
911 2580 1262 2648 illaturum,
1296 2595 1491 2656 quare
1536 2571 1790 2631 taurino

97 2715 323 2755 cruore
355 2689 603 2760 hausto,
645 2705 724 2744 ex
764 2680 892 2736 vita
940 2664 1213 2730 excessit.
1262 2663 1319 2742 e)
1365 2664 1788 2718 Artaxerxem

100 2783 264 2842 hunc
298 2779 479 2839 multi
527 2778 835 2833 Aseeram
887 2756 1200 2819 Esthercce
1255 2752 1549 2810 maritum
1600 2745 1789 2804 fuisse

1590 2857 1707 2918 PU—

168 3056 226 3129 a)
265 3054 462 3134 Jusun.
493 3052 560 3104 L.
600 3049 648 3102 3.
686 3069 733 3103 c.
776 3045 819 3098 1.
895 3044 948 3115 ὸ)
990 3041 1226 3098 Thacia.
1269 3037 1333 3093 L.
1369 3031 1415 3086 1.
1456 3049 1499 3083 c·
1541 3022 1661 3082 137.
1732 3019 1789 3087 c)

265 3125 487 3179 Diodes.
531 3121 639 3175 Sic.
679 3120 743 3177 L.
780 3115 861 3171 11.
896 3136 946 3189 p.
984 3115 1104 3169 269.
