2048 3786
307 136 391 205 58
842 143 1274 203 Historld

218 321 480 401 bantur,
552 327 634 408 a)
696 329 1067 410 praesertim
1141 329 1492 411 imperante
1557 324 1924 389 Ptolomaeo

214 418 428 495 Lagi,
477 419 587 498 qui
637 418 932 490 100‚000.
981 414 1249 477 Judaeos
1291 419 1357 483 in
1402 421 1774 478 servitutem
1813 420 1925 477 ab-

214 505 411 566 duxit.
462 507 732 566 Demum
766 504 1067 565 suberant
1092 505 1493 589 Principibus
1537 510 1927 566 Machabaffl

213 600 307 671 is,
354 591 532 679 cujus
579 595 780 677 gentis
818 593 1070 655 Author
1103 609 1237 656 erat
1265 599 1636 655 Matathias
1689 618 1924 679 cogno-

211 688 384 747 mine
426 686 845 760 AsmotzaeaS,
919 683 1222 745 Sacerdos
1277 684 1522 745 Modini
1549 732 1564 761 ‚
1612 684 1925 747 libertatis

210 774 506 835 Judaicae
541 776 782 858 primus
849 771 1116 850 vindex3
1165 769 1464 833 dicuntur
1534 776 1926 834 llIaclzczbaei

212 863 390 926 ideo:
439 866 586 948 quia
635 865 702 922 in
751 863 1000 923 vexillis
1061 863 1270 924 literas
1320 864 1586 926 initiales
1644 862 1929 924 solebant

203 952 435 1015 habere
504 976 583 1013 ex
618 952 729 1013 illo
785 952 1103 1015 Hebraico
1150 963 1344 1015 textu.
1427 958 1584 1028 Quis
1627 957 1791 1011 sicut
1832 955 1926 1011 Τιι

209 1048 382 1104 inter
409 1046 584 1101 Deos
635 1044 923 1101 Jekova!
963 1041 1067 1103 vel
1110 1043 1282 1126 quod
1340 1041 1505 1103 idem
1557 1045 1929 1101 Illamtlzias

208 1136 273 1193 in
319 1131 710 1194 orationibus
759 1129 1135 1213 frequenter
1190 1147 1526 1217 usurparet
1587 1131 1791 1191 Exodi
1860 1133 1922 1213 b)

212 1220 379 1282 hunc
413 1241 666 1280 versum
699 1241 710 1277 τ
770 1222 929 1293 Qui-s
972 1223 1198 1279 similis
1232 1224 1351 1280 Tui
1378 1225 1444 1280 in
1460 1223 1750 1298 fortibus
1785 1224 1928 1279 Do-

211 1315 398 1370 mine..
450 1308 584 1368 Sub
624 1306 1017 1369 Machabaeis
1069 1308 1297 1369 accidit
1349 1313 1662 1370 institutio
1708 1311 1923 1393 Magni

215 1402 514 1474 SenatuS,
552 1414 661 1458 seu
693 1400 996 1475 Syneclrii
1044 1400 1315 1459 instituti
1362 1422 1441 1460 ex
1474 1400 1629 1458 viris
1663 1401 1930 1460 seniori-

210 1492 331 1553 bus
378 1490 618 1548 virtute
643 1500 706 1549 et
738 1486 1076 1572 prudentia
1110 1487 1571 1573 praestantibus
1591 1534 1608 1564 ,
1655 1511 1930 1571 quorum

211 1579 605 1654 auctoritate,
631 1577 1003 1662 Principum
1034 1600 1105 1637 ac
1140 1575 1388 1662 Regum
1428 1578 1932 1639 Asmonaeorum

211 1670 496 1757 potentia
533 1670 699 1726 intra
733 1681 943 1728 certos
986 1666 1216 1729 limites
1247 1668 1683 1730 coercebatur.
1749 1669 1933 1730 Cete—

214 1783 360 1820 rum
405 1772 619 1819 tamen
647 1771 894 1818 constat
935 1756 1184 1841 aliquos
1208 1760 1530 1842 principes
1562 1779 1640 1818 ex
1677 1754 1931 1818 Macha⁸²

210 1851 383 1911 bacis
439 1850 586 1908 satis
633 1845 923 1907 absolute
972 1868 1298 1930 regnasse,
1365 1847 1738 1930 praesertim
1784 1846 1937 1906 dum

218 1935 661 2001 Sacerdotium
701 1957 848 1996 cum
881 1938 1154 2021 imperio
1176 1934 1586 2019 conjunctum
1615 1949 1767 1996 erat.
1816 1932 1935 1995 Ul-

217 2031 407 2089 timus
436 2027 576 2088 Rex
615 2040 755 2088 erat
787 2027 1164 2105 Antigonzc3‚
1212 2028 1565 2084 Aristobali
1588 2024 1774 2101 filius,
1819 2026 1932 2107 qui

216 2131 513 2203 patruum
556 2137 738 2175 suum
785 2118 1191 2192 Hyrcanum,
1239 2112 1620 2176 Parthorum
1694 2115 1932 2174 auxilio

216 2206 475 2268 auribus
506 2203 865 2265 mutilatum
888 2207 953 2262 in
976 2202 1495 2265 Parthiammisit.
1545 2206 1604 2286 c)
1669 2206 1935 2266 Interim

216 2299 505 2355 Herodes
543 2294 629 2355 M.
674 2293 986 2355 Galilaeae
1019 2294 1148 2353 dux
1192 2296 1462 2356 Romam
1513 2292 1797 2378 fugien8‚
1843 2293 1934 2353 ibi

216 2385 472 2471 publice
514 2384 653 2445 Rex
691 2385 729 2444 J
735 2383 1078 2444 udaeorum
1105 2385 1175 2465 cl)
1217 2394 1572 2458 coronatus,
1620 2398 1681 2445 et
1721 2387 1784 2442 in
1823 2384 1935 2443 Ju-

216 2475 436 2536 daeam
485 2476 781 2535 remissus
814 2487 938 2548 est,
983 2471 1149 2533 unde
1189 2472 1436 2535 difficile
1477 2472 1716 2533 bellum
1769 2476 1936 2533 inter

214 2563 370 2625 duos
416 2585 593 2647 reges
634 2564 1012 2647 gerebatur,
1060 2564 1131 2644 e)
1180 2562 1378 2624 donec
1420 2585 1586 2623 anno
1629 2566 1721 2625 15.
1770 2563 1932 2623 urbe

1785 2673 1850 2712 vi

290 2794 351 2857 a)
391 2787 553 2839 Diod.
591 2785 755 2838 Sicul.
795 2786 858 2838 L.
903 2785 991 2841 20.
1029 2806 1074 2837 c.
1114 2784 1197 2839 52.
1234 2803 1387 2858 seqq.
1439 2786 1687 2839 Justinus
1726 2786 1787 2839 L.
1855 2783 1938 2839 15.

381 2878 427 2911 c.
472 2857 524 2911 2.
575 2874 727 2928 seqq.
803 2855 859 2927 b)
901 2857 1101 2912 Exod„
1137 2877 1182 2910 e.
1240 2856 1321 2910 15.
1360 2874 1408 2910 v.
1461 2856 1542 2911 11.
1581 2875 1651 2910 ex
1703 2875 1938 2928 quarum

387 2938 629 2998 quatuor
649 2945 844 2981 vocum
866 2929 1039 2981 literis
1068 2927 1389 2981 initialibus.
1411 2929 1762 2999 Mem.Caph.
1780 2928 1940 2983 Beth.

380 3000 501 3052 Jod.
540 2998 603 3051 fit
637 3018 838 3050 nomen
869 3000 1098 3052 Macabi.
1130 2999 1346 3072 joseph.
1380 3001 1548 3071 antiq.
1578 3000 1641 3052 L.
1691 2999 1770 3052 12.
1809 3019 1851 3049 c.
1885 2996 1935 3050 8.

386 3089 500 3195 ffiq.
533 3068 964 3213 z)2iglem,)il}lid.
1015 3070 1192 3194 [Ἓξ.
1219 3091 1261 3123 c.
1293 3069 1382 3193 ἒξ.
1457 3069 1518 3144 d)
1555 3070 1700 3125 idem
1722 3070 1854 3126 ibid.
1893 3090 1940 3122 o.

458 3158 539 3195 .c
671 3160 1376 3200 ‚lelem.11.0....
