2048 3786
667 140 1118 196 Indiorzem.
1506 137 1629 199 265

40 318 330 378 ‘Membro
364 317 626 376 alterum
659 312 962 398 spolianS,
998 326 1244 396 praeter
1283 310 1528 370 talionis
1570 333 1718 394 poe-

42 429 182 463 nam
225 420 546 464 truncatur
584 415 647 463 et
685 424 889 461 mann.
926 401 992 479 a)
1030 401 1237 481 Siquis
1296 397 1514 457 artifici
1591 423 1719 458 ma-

45 516 194 551 num
236 494 335 553 vel
377 491 624 551 oculum
658 488 908 564 ademit,
948 489 998 547 is
1036 502 1220 570 caput
1250 488 1467 545 amisit.
1505 488 1596 545 Ex
1614 509 1722 544 an-

40 575 218 661 tiquo
263 583 542 639 instituto
572 597 948 660 magnopere
999 574 1368 634 observatur
1431 573 1725 634 nobilitas

38 670 348 748 sanguinis
371 713 385 740 ,
428 666 566 726 ideo
600 688 676 726 ex
718 687 841 723 una
877 664 1062 723 classe
1092 685 1217 722 non
1261 662 1409 723 lieet
1458 663 1723 722 transire

38 754 113 813 ad
152 756 366 831 aliam,
411 753 486 811 ad
528 752 700 834 quod
746 749 1251 835 impediendum,
1298 751 1486 810 etiam
1565 771 1731 832 pro-

36 845 336 900 miscuum
375 839 747 925 prohibetur
782 841 1268 899 matrimonium.
1339 836 1481 897 Indi
1536 858 1724 919 pecu-

35 933 198 986 niam
232 932 298 987 in
332 952 582 989 usuram
628 950 755 987 non
795 928 1039 1002 locant,
1075 948 1281 1009 neque
1312 927 1596 1008 accipere
1647 925 1724 983 li-

35 1032 148 1077 cet.
192 1017 423 1077 Senum
481 1019 824 1077 otiosorum
868 1015 1037 1075 nulla
1084 1015 1550 1100 praerogativa,
1618 1012 1726 1074 sed

37 1104 412 1188 prudentum
458 1121 519 1166 et
561 1104 1080 1167 industriosorum
1130 1104 1453 1164 Virorum.
1509 1100 1727 1162 Anno—

38 1216 150 1253 nae
180 1197 449 1276 pretium
482 1216 804 1275 nunquam
842 1207 1118 1276 augetur.
1153 1194 1291 1251 Rex
1350 1190 1500 1251 olim
1540 1189 1728 1273 elige-

38 1283 279 1340 batura
319 1282 570 1367 populo,
604 1281 837 1342 liberos
893 1304 1019 1341 non
1065 1280 1330 1355 habenS,
1388 1293 1450 1338 et
1494 1280 1542 1336 si
1587 1301 1730 1338 casu

39 1385 246 1452 postea
273 1384 640 1453 susceperat,
687 1393 835 1430 mox
866 1369 1314 1453 deponebatur,
1346 1389 1424 1427 ne
1465 1387 1732 1447 regnum

46 1458 150 1517 fiat
184 1456 667 1534 hereditarium,
705 1481 828 1541 qua
862 1460 1305 1518 constitutione
1343 1457 1733 1540 potissimum

41 1545 450 1606 Brachmanes
485 1546 873 1629 eligebantur
917 1547 1133 1629 Reges
1170 1546 1285 1613 His
1307 1567 1340 1603 a
1376 1543 1608 1627 populo
1627 1543 1735 1602 da-

42 1635 273 1694 bantur
310 1635 518 1693 XXX.
552 1636 755 1717 Regni
792 1636 1121 1711 Rectore83
1179 1654 1504 1715 nunquam
1549 1634 1735 1691 unius

44 1745 267 1797 'vferum
303 1723 581 1805 plurium
620 1727 924 1784 sententia
962 1722 1416 1783 damnabantur
1446 1722 1556 1780 rei.
1593 1722 1731 1781 Rex

36 1811 183 1873 licet
233 1833 374 1871 casu
427 1810 830 1894 delinquenS,
862 1825 1068 1874 morte
1105 1811 1509 1894 puniebatur.
1558 1810 1620 1888 b)

194 1901 240 1979 55.
292 1902 348 1960 4.
397 1903 621 1958 Status
683 1903 857 1958 Belli
905 1913 965 1957 et
1012 1902 1311 1958 memoria
1361 1900 1732 1973 Principum

44 1993 362 2048 Virorum.
405 1988 750 2048 Historiam
780 1986 1092 2049 ‘Indorum
1127 1988 1518 2071 potissimum
1566 1987 1736 2046 Scri-

42 2093 252 2160 ptores
296 2089 438 2136 ante
485 2078 921 2135 Alexandrum
965 2079 1057 2136 M.
1097 2079 1373 2160 ignotam
1416 2073 1739 2135 declarant

38 2189 260 2228 verum
291 2166 779 2225 numerosissimi
815 2165 1053 2226 incolae
1073 2211 1089 2240 ,
1123 2166 1234 2246 qui
1267 2185 1588 2245 nunquam
1614 2167 1737 2224 suis

34 2256 262 2316 finibus
282 2255 780 2335 emigraverunt,
817 2276 1022 2338 neque
1067 2253 1245 2314 bellis
1265 2253 1571 2312 intestinis
1606 2275 1736 2314 sae-

39 2347 175 2403 vire
207 2345 267 2400 in
293 2341 636 2402 visceribus
669 2344 907 2424 patriae
946 2356 1247 2401 amarunt.
1302 2341 1411 2400 Ab
1461 2343 1738 2402 externis

41 2455 194 2492 vero
234 2428 513 2489 hostibus
546 2429 878 2490 admodum
919 2434 1141 2491 vastati
1173 2443 1353 2491 erant
1389 2450 1538 2489 raro
1558 2477 1573 2506 ,
1605 2453 1738 2491 ma-

44 2519 268 2579 nifesto
308 2532 494 2577 erunt
523 2533 923 2600 argumento:
973 2534 1044 2579 ut
1078 2517 1401 2580 Credamus
1446 2539 1550 2578 eos
1591 2532 1737 2580 ante

43 2610 474 2666 Alexandrum
512 2609 603 2663 M
637 2604 762 2687 jam
802 2604 1028 2667 florens
1065 2609 1395 2691 imperium
1418 2603 1738 2683 habuisse,

47 2709 498 2779 potentemque
534 2695 851 2757 nationem
894 2697 1212 2757 exstitisse.
1260 2695 1318 2775 ο)
1355 2695 1490 2755 Imo
1531 2698 1739 2754 Plinio

1578 2785 1648 2864 a)

117 2933 176 3006 a)
216 2934 424 2990 Aelian.
465 2934 604 2986 Hist.
647 2933 775 2989 Var.
812 2933 873 2986 L.
911 2929 1028 2985 4.c.
1068 2932 1326 2989 1.Strab.
1351 2933 1413 2987 L.
1444 2952 1489 2988 c.
1520 2951 1576 3004 p.
1613 2930 1736 2989 435.

202 3003 410 3127 {eq.lb)
445 3004 688 3125 PlgimL.
721 3004 768 3058 6.
811 3022 860 3060 c.
896 3002 1076 3126 232180)
1114 3003 1456 3074 Megasthen.
1492 3003 1549 3059 in
1586 3004 1740 3058 Stra-

242 3094 273 3126 ο
344 3093 436 3145 ege
524 3092 787 3130 rrianum.
824 3092 878 3145 p.
1023 3114 1033 3126 .
