2048 3786
264 127 387 192 568
839 133 1266 192 Historia

166 340 322 394 nos,
371 339 531 404 quos
588 320 780 382 etiam
837 320 1022 379 initio
1069 320 1251 402 gravi
1302 337 1515 403 pugna
1564 316 1755 392 vicit,
1802 315 1911 378 sed

168 409 574 498 postmodum
620 431 805 472 versa
845 407 1101 471 fortuna
1133 411 1337 469 victus
1364 456 1379 486 ,
1428 406 1678 470 Italiam
1715 422 1778 468 et
1815 410 1914 466 Si-

164 501 378 564 ciliam
419 524 574 588 quas
600 500 726 587 jam
756 499 984 585 majori
1006 521 1083 560 ex
1120 514 1302 586 parte
1347 512 1643 587 ceperat,
1693 503 1914 560 remit-

167 610 306 657 tere
338 592 578 656 debuit.
631 594 782 654 Post
829 612 1034 677 quae‚
1083 589 1392 677 stupenda
1446 588 1744 653 fortunae
1807 613 1914 651 va·—

165 688 395 749 rietate
432 687 666 746 iterum
693 681 1138 745 Macedoniam
1165 703 1492 767 aggressus
1519 729 1537 761 ‚
1584 678 1735 743 inde
1777 686 1915 742 An-

169 782 457 860 tigonum
510 779 832 837 Gonatam
866 776 1121 861 penitus
1163 772 1555 847 exturbavit,
1603 772 1673 855 a)
1721 795 1917 858 quem

169 867 322 933 dum
364 871 429 929 in
474 869 733 928 civitate
776 866 969 951 Argis
1021 863 1366 942 obsideret,
1402 863 1634 950 dejecti
1682 862 1915 950 lapidis

168 964 299 1024 ictu
331 974 657 1038 mortuus,
687 980 889 1044 regno
924 958 1196 1018 exitium
1233 954 1477 1017 adtulit.

334 1053 565 1110 Status
612 1053 998 1112 Literarum
1015 1060 1077 1108 et
1095 1051 1379 1108 Artium.
1430 1052 1504 1109 In
1537 1061 1917 1123 tanta,tam-

171 1162 300 1224 que
341 1140 626 1204 violenta
662 1143 1042 1227 Regnorum
1095 1155 1158 1202 et
1210 1141 1462 1227 Regum
1517 1142 1913 1213 mutatione,

168 1245 382 1294 tamen
419 1235 720 1296 scientiae
765 1247 830 1296 et
872 1245 1040 1293 artes
1088 1234 1319 1293 sensim
1310 1191 1584 1316 perfici
1610 1279 1624 1308 ,
1677 1233 1805 1291 imo
1834 1225 1915 1288 ad

167 1322 552 1408 ampliorem
608 1323 897 1385 culturae
948 1320 1217 1406 giadum
1278 1324 1625 1407 pervenire
1686 1341 1915 1405 coepe-

163 1428 332 1474 runt.
383 1414 547 1474 Nam
585 1414 948 1500 complures
1010 1409 1547 1518 Philosophorum
1594 1428 1799 1474 sectae
1847 1413 1915 1468 in

161 1504 432 1567 Graecia
465 1502 829 1568 floruerunt
847 1507 1037 1567 etiam
1074 1506 1244 1565 inter
1271 1507 1678 1589 gravissimos
1705 1524 1918 1566 armo-

163 1620 310 1659 rum
350 1600 688 1683 strepitus;
737 1619 1012 1682 quarum
1046 1594 1436 1657 celebriores
1484 1610 1696 1658 erant:
1747 1591 1917 1656 Aca-

162 1688 599 1766 demicorum,
647 1690 1264 1774 Peripateticorum,
1316 1687 1720 1762 Stoicorum,
1760 1688 1912 1772 Epi,-

160 1803 579 1857 cumeorum,
623 1780 1108 1864 Scepticorum‚
1158 1779 1549 1861 Cynicorum
1608 1794 1723 1840 etc.
1775 1779 1916 1838 Ma-

89 1947 95 1951 ·
163 1875 375 1934 ximus
418 1887 629 1934 tamen
691 1868 805 1931 hac
852 1885 1058 1932 aetate
1114 1873 1446 1929 variarum
1486 1870 1915 1930 Scientiarum

163 1979 230 2024 et
274 1963 542 2024 Artium
586 1977 927 2048 promotor
967 1960 1090 2022 fuit
1138 1964 1546 2021 Ptolomaeus
1589 1963 1917 2022 Philadel-

151 2058 367 2133 plzuS,
409 2076 613 2140 quare
655 2056 845 2116 etiam
870 2051 1328 2116 Alexandriam
1354 2054 1597 2139 regiam
1635 2053 1913 2138 Aegypti

164 2146 396 2208 urbem
421 2194 437 2223 ,
487 2161 816 2231 tamquam
853 2168 1083 2207 verum
1140 2144 1471 2206 Musarum
1512 2143 1914 2207 domicilium

162 2259 291 2301 esse
326 2237 569 2313 voluit,
606 2259 737 2322 quo
781 2234 1083 2299 Artifices
1147 2249 1210 2296 et
1250 2236 1539 2298 Literati.
1600 2237 1913 2299 Scientia-

164 2351 309 2389 rum
331 2325 896 2391 condiscendarum
917 2349 1100 2389 causa
1127 2325 1449 2390 confluere
1468 2325 1756 2390 solebant
1776 2353 1792 2406 3
1842 2330 1907 2386 in

167 2443 450 2504 quorum
493 2421 759 2503 gratiam
798 2421 990 2480 etiam
1027 2416 1284 2480 condita
1308 2417 1430 2479 fuit
1470 2417 1712 2481 ibidem
1747 2417 1912 2480 cele-

165 2510 448 2574 berrima
491 2508 930 2589 Bibliotheca3
978 2533 1147 2596 quae
1191 2508 1309 2570 sub
1347 2508 1478 2595 ejus
1532 2512 1913 2574 successori-

164 2602 378 2663 busin
422 2616 667 2663 tantum
709 2603 1032 2681 excrevit,
1067 2614 1141 2662 ut
1173 2603 1405 2685 septies
1454 2616 1719 2664 centena
1767 2601 1912 2662 mil-

168 2695 251 2755 lia
296 2694 697 2755 voluminum
731 2695 1108 2756 contineret.
1160 2693 1369 2754 Porro
1403 2690 1627 2755 eodem
1663 2709 1909 2780 tempo-

164 2809 236 2847 re
283 2807 413 2871 quo
460 2788 832 2847 Alexander
866 2788 958 2844 M.
1011 2785 1259 2845 Urbem
1314 2782 1772 2846 Alexandriam
1805 2808 1908 2847 ae-

164 2877 412 2939 dificari
477 2879 816 2963 caepisset,
873 2880 1173 2936 Varrone
1230 2890 1418 2956 teste3
1469 2879 1765 2939 inventus
1815 2889 1907 2938 est

1671 2991 1817 3029 usus

239 3148 300 3214 a)
339 3145 486 3198 idem
521 3145 634 3198 ibid
670 3147 874 3203 Justin.
927 3147 993 3202 L.
1058 3146 1142 3200 25.
1196 3168 1241 3200 c.
1301 3146 1353 3201 3.
1390 3166 1543 3221 seqq.
