2048 3786
1581 259 1650 313 17

48 453 492 517 numerantur3
539 441 703 499 inter
733 459 891 520 quae
934 435 1271 519 praecipua
1312 446 1404 493 est
1461 436 1512 493 1.
1559 438 1751 512 Agra

46 521 157 582 ubi
178 541 268 586 est
294 527 468 590 sedes
507 527 932 612 Imperatoris,
968 522 1156 584 habet
1199 524 1294 583 15.
1320 520 1498 599 fora3
1532 536 1595 582 et
1618 525 1750 606 ipsa

46 612 200 674 urbs
231 632 435 699 potest
450 631 722 678 statuere
763 619 905 677 200.
930 611 1128 673 millia
1147 611 1460 671 ArmatOS.
1489 615 1543 671 2.
1573 613 1752 669 Cam—

43 701 200 778 baja
235 706 566 766 Provincia
588 752 604 782 ,
649 708 748 766 50.
785 703 994 763 Urbes
1012 698 1507 762 mercimoniales
1526 715 1754 777 censet,

45 791 112 846 in
144 792 304 854 urbe
333 796 701 854 Amadabat
744 815 861 877 per
895 791 1293 872 Pro-Regem
1325 787 1715 870 gubernatur
1736 836 1753 865 ‚

44 883 237 938 annui
285 882 523 944 reditus
561 888 660 945 20.
688 881 999 941 milliones
1036 880 1173 939 auri
1190 876 1412 953 habet,
1452 892 1515 938 et
1534 893 1755 938 contra

46 968 344 1029 Badares
376 986 645 1054 gentem,
680 970 952 1054 Mogolis
988 967 1479 1041 infensissimam,
1517 966 1628 1026 alit
1653 970 1750 1028 12.

47 1054 218 1117 mille
251 1063 529 1142 equites,
581 1076 644 1123 et
686 1062 785 1121 50.
823 1055 1217 1144 Elephantos.
1289 1057 1344 1117 5.
1403 1057 1751 1132 Cambaja,

44 1143 196 1205 urbs
246 1148 580 1232 opulenta,
625 1153 691 1209 in
745 1147 924 1233 eujus
969 1148 1302 1231 ⁴vicinitate
1357 1158 1450 1206 est
1505 1148 1754 1203 Suram

43 1231 193 1293 urbs
232 1256 376 1297 cum
420 1253 632 1322 portu,
672 1237 994 1312 ambram,
1031 1234 1381 1296 adamantes
1399 1279 1417 1310 ,
1462 1235 1751 1307 sericum,

40 1320 536 1404 cinnamomum,
597 1329 999 1410 margaritaS,
1047 1339 1111 1387 et
1160 1325 1363 1383 varias
1404 1336 1753 1383 aromatum

41 1415 276 1489 species
333 1417 796 1491 subministrat3
858 1413 1058 1490 Galli,
1112 1411 1352 1496 Angli,
1411 1409 1708 1470 Hollandi
1732 1457 1749 1487 ,

40 1503 313 1562 Armeni
346 1504 709 1588 frequentes
737 1501 1037 1564 habitant.
1083 1506 1139 1563 4.
1190 1502 1522 1578 Bengala,
1585 1522 1749 1582 quae

40 1587 348 1652 dividitur
378 1596 444 1653 in
474 1597 798 1678 propriam
827 1594 1208 1670 Bengalam,
1234 1586 1411 1672 cujus
1438 1603 1627 1671 caput
1656 1603 1747 1649 est

42 1676 194 1738 urbs
246 1683 457 1741 Daca.
511 1686 671 1743 Item
720 1684 786 1739 in
831 1680 1120 1763 Regnum
1161 1683 1372 1739 Patna
1392 1723 1406 1750 ,
1453 1678 1705 1753 Prurop
1726 1723 1742 1752 ‚

39 1781 105 1826 et
142 1770 375 1845 Bodas,
423 1793 585 1852 quae
621 1771 702 1830 ab
733 1769 980 1851 Anglis,
1008 1783 1071 1829 et
1094 1765 1423 1827 Hollandis
1464 1765 1548 1824 ob
1570 1785 1743 1825 com-

36 1858 267 1914 mercia
312 1858 731 1920 celebrantur.
798 1859 855 1917 5.
915 1858 1327 1916 Candabaria
1351 1900 1367 1930 ,
1416 1852 1528 1913 ubi
1575 1876 1738 1936 aqua

38 1943 372 2007 insalubris
406 1962 523 2009 est.

209 2053 286 2111 ΙΙ.
335 2055 524 2112 India
543 2077 649 2112 seu
687 2055 1029 2126 Peninsala
1064 2055 1246 2110 intra
1289 2054 1587 2130 Gangem.
1615 2052 1740 2112 Re-

38 2139 142 2220 gio
185 2140 397 2203 subest
435 2143 595 2224 Regi
623 2146 1003 2217 G-olcondae,
1052 2154 1113 2200 et
1149 2144 1537 2217 Wsaporae:
1586 2162 1736 2200 con-

35 2229 196 2289 tinet
240 2233 524 2314 quinque
543 2233 806 2291 Littora.
855 2236 905 2292 1.
945 2234 1165 2289 Littus
1212 2232 1469 2288 Cuneo-n
1501 2229 1611 2289 ubi
1645 2244 1738 2289 est

31 2337 299 2399 regnum
344 2323 680 2381 Decanam
702 2367 719 2396 ,
766 2322 907 2381 Rex
947 2317 1190 2380 habitat
1227 2320 1292 2378 in
1338 2319 1501 2379 urbe
1541 2322 1736 2377 Visa—

14 2424 188 2481 Pora
220 2410 454 2493 ampla,
490 2425 554 2471 et
587 2411 958 2470 mercantili.
1010 2409 1153 2469 Alia
1204 2408 1356 2468 urbs
1414 2422 1506 2468 est
1557 2411 1691 2466 Goa
1721 2454 1736 2482 ,

29 2493 135 2553 ubi
180 2496 360 2559 aedes
402 2521 612 2568 sacrae
649 2497 1011 2581 magnificae
1061 2501 1353 2560 existunt.
1408 2506 1463 2558 2.
1516 2500 1735 2556 Littus

23 2579 334 2650 Malabar
363 2588 476 2649 ubi
510 2600 601 2650 est
615 2590 894 2671 primum
936 2610 1204 2672 regnum
1231 2588 1621 2664 Angamale3
1645 2584 1734 2644 al·-

29 2691 237 2739 terum
276 2698 433 2738 vero
482 2700 748 2760 regnum
790 2693 881 2738 est
939 2680 1299 2737 Calecutum
1323 2723 1337 2751 ,
1387 2673 1564 2754 cujus
1616 2696 1731 2755 gu—

30 2767 332 2829 bernator
371 2769 651 2826 Calecati
697 2766 968 2842 residet,
1005 2765 1181 2850 cujus
1237 2787 1351 2824 rex
1401 2763 1553 2824 olim
1607 2766 1734 2820 Za-

28 2860 307 2917 morc'nas
332 2904 348 2934 ,
395 2879 504 2917 seu
546 2860 728 2915 Deus
751 2867 967 2914 terrae
1004 2854 1363 2916 vocabatur.
1405 2855 1458 2914 5.
1507 2855 1727 2909 Littas

32 2948 314 3006 Madaro.
336 2993 351 3021 ,
400 2946 509 3005 ubi
552 2967 816 3027 regnum
865 2948 1272 3024 Cranganor,
1328 2944 1386 2999 T
1380 2963 1726 3013 ravatzcor,

34 3036 273 3113 Perea,
331 3039 573 3111 Tamor,
619 3049 733 3095 etc.
776 3038 830 3095 4.
869 3036 1086 3093 Littus
1134 3033 1571 3103 Coromandel,
1613 3028 1725 3087 ubi

836 3143 888 3202 B
1462 3139 1637 3196 varia
