2048 3786
315 180 392 235 70
852 174 1282 231 Historia

220 360 458 446 templo
485 407 500 436 ,
547 373 740 444 prout
778 361 925 442 ipsis
978 360 1383 420 vaticinatum
1439 373 1588 418 erat.
1684 361 1757 418 In
1798 359 1927 419 sola

229 454 521 510 Iskram'a
556 449 764 510 seculo
796 449 969 507 XVI.
1023 448 1380 508 libertatem
1415 462 1477 509 et
1513 446 1651 529 jura
1690 449 1930 531 indige-

224 562 450 599 narum
491 552 672 599 erant
697 536 906 622 adepti
928 562 943 615 3
989 537 1100 596 ubi
1137 540 1325 611 etiam
1351 536 1706 598 eruditione
1747 537 1933 597 flore·-

225 653 298 691 re
344 642 706 712 coeperunt.

387 738 435 817 ᾗ.
488 739 542 795 4.
572 737 796 792 Status
820 735 1013 809 Belli,
1062 746 1122 791 et
1132 738 1634 811 praecipuorum
1650 737 1932 792 virorum

228 828 547 887 memoria.
596 825 933 882 Abraham
963 822 1042 882 ab
1074 825 1354 907 ingressu
1372 840 1578 886 terrae
1598 826 1939 908 promissae

227 919 411 977 initio
452 913 616 973 fame
665 911 1001 995 impeditus
1028 960 1043 988 ,
1091 915 1157 971 in
1203 915 1560 999 Aegyptum
1610 915 1942 996 migravit3

221 1005 392 1067 unde
448 1002 816 1063 muneribus
865 1026 900 1060 a
939 1004 1275 1062 Pharaone
1339 1004 1621 1063 excultus
1658 1002 1940 1076 redienS,
2013 1064 2018 1067 ,

226 1097 508 1155 Lotlzam
552 1091 764 1150 fratris
807 1088 1004 1151 filium
1044 1094 1376 1153 universae
1422 1094 1945 1179 peregrinationis

229 1186 469 1245 socium
497 1205 531 1240 a
570 1203 633 1241 se
665 1179 942 1257 dimisit3
990 1203 1119 1263 quo
1137 1195 1421 1265 tempore
1444 1185 1778 1242 Abraham
1799 1203 1945 1240 cum

225 1276 351 1334 suis
384 1270 461 1330 ad
486 1270 714 1330 urbem
759 1268 1022 1329 Hebron
1043 1291 1151 1328 sua
1181 1273 1451 1330 tentoria
1489 1269 1645 1346 fixit,
1695 1273 1943 1330 Lotlms

227 1384 384 1424 vero
417 1362 485 1442 a)
522 1357 968 1428 fertilissimam
1005 1358 1429 1419 Sodomorum
1465 1360 1691 1420 vallem
1725 1381 1944 1419 conse-

226 1452 359 1529 dit,
403 1447 578 1533 cujus
617 1447 858 1507 incolae
892 1450 1178 1531 quinque
1197 1449 1429 1531 regulis
1452 1448 1718 1534 subjecti
1759 1444 1947 1530 Assy-

229 1545 479 1603 riorum
527 1537 796 1622 imperio
836 1537 1188 1619 parebant,
1237 1562 1365 1621 quo
1413 1553 1702 1623 tempore
1759 1537 1949 1619 Assy-

230 1635 478 1693 riorum
509 1624 854 1688 Monarcha
894 1629 1102 1685 Ninus
1135 1631 1364 1686 szior
1400 1628 1740 1688 distributo
1782 1629 1948 1687 inter

231 1724 524 1803 Satrapas
572 1739 789 1800 regnO,
836 1718 961 1775 suis
996 1716 1426 1801 voluptatibus
1445 1717 1780 1794 serviebat3
1808 1715 1951 1776 ideo

231 1811 421 1871 duces
458 1805 998 1892 praefecturarum
1050 1828 1228 1890 reges
1268 1829 1332 1867 se
1373 1807 1772 1891 appellarunt
1796 1853 1811 1881 ,
1858 1808 1952 1864 uti

231 1900 587 1974 Amraplzel
644 1896 1025 1978 Babyloniae
1049 1941 1065 1970 ,
1134 1899 1456 1957 Arioolms
1520 1895 1779 1958 Elassari
1844 1904 1955 1955 seu

181 2055 186 2064 ἶ
233 1990 457 2062 Ponti,
504 1988 1015 2045 Kodorlalzomor
1038 1985 1451 2046 Elamitarum
1471 2008 1580 2048 seu
1599 1987 1952 2059 Persarum,

240 2080 511 2140 Thideal
542 2073 1060 2159 Pamphyliorum
1094 2097 1273 2158 reges
1308 2090 1522 2154 erant,
1562 2078 1673 2160 qui
1694 2077 1955 2136 societa—

233 2183 295 2230 te
330 2171 496 2227 inter
536 2189 600 2228 se
638 2168 825 2240 inita,
860 2164 1126 2252 rebelles
1168 2165 1475 2227 Sodomae
1499 2168 1829 2251 regionum
1855 2187 1954 2225 re-

236 2258 414 2343 gulos
454 2254 530 2315 ad
572 2254 996 2318 obedientiam
1026 2254 1434 2338 Assyriorum
1482 2257 1671 2316 armis
1697 2274 1957 2316 revoca-

234 2373 307 2410 re
354 2360 742 2422 statuerunt,
783 2347 895 2428 qui
943 2346 1130 2406 etiam
1178 2345 1529 2421 Arabiam,
1593 2360 1655 2407 et
1699 2343 1962 2403 Jordani

243 2438 509 2498 finitima
530 2436 886 2521 pervagati,
936 2436 1223 2518 quinque
1242 2435 1491 2517 regulos
1523 2433 1803 2497 devictos
1839 2456 1962 2492 una

244 2550 389 2587 cum
426 2529 592 2603 suis,
643 2528 811 2586 inter
860 2545 1020 2608 quos
1062 2539 1126 2585 et
1165 2527 1414 2584 Lothus
1462 2546 1679 2585 recens
1725 2522 1963 2585 advena

239 2631 408 2693 erat,
456 2620 521 2675 in
558 2618 984 2701 captivitatem
1005 2630 1368 2698 rapuerunt.
1418 2615 1602 2674 Fama
1641 2613 1830 2674 cladis
1849 2635 1961 2674 ex-

240 2711 463 2768 citatus
508 2709 845 2767 Abraham
885 2706 1089 2787 agnati
1127 2703 1544 2765 calamitatem
1582 2727 1708 2765 non
1734 2702 1959 2777 ferenS,

239 2812 304 2858 et
347 2799 482 2858 Deo
525 2795 752 2874 fidens,
798 2817 937 2858 suos
977 2810 1039 2857 et
1084 2795 1234 2857 alios
1281 2792 1560 2855 homines
1620 2792 1959 2855 conductos

1722 2905 1873 2943 con-

319 3131 380 3207 a)
417 3133 550 3186 Gen.
572 3151 617 3186 c.
660 3129 746 3186 13.
785 3148 838 3186 v.
873 3129 959 3185 12.
989 3130 1188 3204 Joseph
1226 3131 1394 3202 antiq.
1419 3133 1481 3185 L.
1505 3129 1551 3190 1.
1576 3151 1621 3186 c.
1667 3129 1744 3184 10.
1783 3147 1893 3202 seq.
