2048 3786
476 220 684 275 Ante
738 218 1246 275 Diluviccna.
1571 217 1649 276 55

68 405 272 461 minus
308 399 619 483 perfectae
657 410 1115 458 antecesserunt
1159 394 1576 479 perfectiores,
1629 399 1757 454 lni-

71 492 226 548 tium
258 513 292 546 a
330 490 461 548 Deo
498 486 726 545 factum
770 499 862 545 est
902 487 966 542 in
1024 487 1457 567 procreatione
1508 499 1755 564 vegeta-

70 577 312 651 hilium,
339 598 488 657 quas
509 574 930 656 sequebantur
952 573 1230 632 sensibus
1247 570 1559 655 praeditae
1582 592 1754 629 crea-

66 679 242 725 turae
276 687 381 724 seu
420 663 794 736 animantia3
842 659 1026 720 finem
1064 659 1315 720 demum
1354 659 1758 741 imponebant

68 754 402 812 Creaturae
434 753 675 811 ratione
710 751 970 809 donatae
1030 750 1159 808 sive
1204 749 1540 824 Homine53
1589 749 1754 805 inter

67 863 222 922 quos
257 843 414 898 citra
437 861 687 898 omnem
717 839 1211 898 controversiam
1234 839 1472 919 primus
1496 849 1631 896 erat
1651 832 1763 892 ho-

68 950 170 987 mo
205 929 515 1000 Adamzw,
553 949 620 985 ac
662 928 1081 1009 protoparens
1120 948 1245 984 non
1269 924 1456 984 modo
1495 922 1762 983 Judaeo-

70 1039 247 1090 rum,
285 1016 339 1096 ³³)
375 1014 480 1076 sed
494 1016 842 1096 generatim
862 1016 1143 1074 omnium
1161 1011 1554 1094 reliquorum
1575 1014 1762 1072 etiam

71 1101 389 1163 hominum
417 1149 433 1178 ,
481 1102 654 1187 cujus
703 1123 930 1186 corpus
971 1100 1193 1161 ultimo
1236 1100 1338 1162 die
1376 1124 1410 1162 e
1454 1099 1604 1160 limo
1639 1114 1764 1159 ter-

71 1215 175 1252 rae
221 1193 388 1253 Deus
431 1191 773 1275 produxit3
820 1213 1092 1273 quocum
1128 1188 1252 1275 jam
1274 1203 1454 1249 antea
1492 1211 1569 1249 ex
1601 1185 1765 1246 nihi-

68 1280 130 1340 lo
154 1325 171 1354 ,
226 1280 328 1342 vel
362 1303 516 1341 vero
572 1279 792 1341 eodem
825 1294 1105 1362 tempore
1153 1292 1360 1338 creata
1399 1276 1768 1342 immortalis

68 1370 299 1443 anima,
347 1393 461 1453 per
508 1368 787 1428 divinam
810 1365 1141 1449 quamdam
1173 1365 1544 1426 infusionem
1574 1386 1766 1447 copu—

69 1459 191 1516 lata
207 1456 340 1516 fuit.
384 1461 625 1516 Aslczmo
645 1456 947 1515 divinitus
982 1455 1281 1514 destinata
1311 1456 1543 1514 coniux
1575 1455 1719 1510 Eva
1739 1497 1755 1525 ,

72 1559 270 1606 mater
316 1549 598 1605 omnium
652 1547 1050 1606 existentium
1083 1539 1408 1603 hominum
1443 1542 1768 1602 efformata

74 1649 166 1694 est
189 1679 204 1707 ‚
242 1656 319 1693 ex
366 1656 486 1692 una
521 1636 804 1717 corporis
829 1636 922 1693 sui
964 1646 1146 1691 costa.
1193 1632 1260 1711 a)
1285 1633 1770 1711 Protoparentes

71 1723 186 1781 sub
218 1723 467 1780 initium
502 1721 656 1781 adeo
693 1737 872 1782 erant
908 1721 1147 1793 feliceS‚
1186 1734 1257 1778 ut
1291 1719 1412 1778 illis
1455 1716 1770 1775 feliciores

73 1811 317 1892 concipi
356 1824 693 1891 nequeunt.
742 1812 880 1893 Ipsa
915 1808 990 1866 ad
1046 1810 1377 1888 imaginem
1437 1806 1556 1865 Dei
1596 1806 1769 1862 simi-

73 1902 268 1957 litudo
286 1900 538 1974 formae
561 1942 577 1971 ‚
625 1900 1104 1971 immortalium,
1155 1898 1482 1972 imperium
1522 1896 1589 1949 in
1627 1894 1770 1950 zmi-

70 2009 317 2045 versam
362 1988 565 2044 orbem
587 2032 601 2061 ,
649 1997 709 2043 et
742 1990 807 2043 in
845 1990 980 2060 ejus
1021 1996 1356 2044 creaturas
1380 2029 1396 2056 ‚
1442 2003 1518 2039 ac
1554 1982 1713 2038 bona
1736 2004 1765 2052 ,-

72 2098 231 2158 quae
268 2074 529 2137 totidem
554 2077 1057 2158 praerogativae,
1087 2074 1305 2133 Divini
1324 2071 1613 2131 Numinis
1652 2090 1768 2127 vo—

69 2164 305 2225 luntate
358 2166 543 2224 etiam
579 2162 655 2220 ad
703 2186 924 2224 eorum
977 2176 1262 2246 posteros
1319 2172 1498 2220 erant
1536 2178 1767 2240 propa-

73 2252 321 2335 gandae.
383 2252 770 2312 Habitationi
825 2251 942 2311 illis
989 2248 1368 2312 inserviebat
1401 2244 1771 2318 ParadiSUS,

73 2342 182 2401 ubi
220 2364 491 2425 eousque
527 2340 1040 2423 simplicissimam
1063 2361 1132 2398 ac
1170 2339 1413 2398 beatam
1450 2333 1771 2393 duxerunt

76 2433 287 2505 vitam,
335 2430 532 2490 donec
551 2427 785 2488 insidiis
817 2428 1068 2488 Diaboli
1099 2429 1282 2510 capti,
1318 2427 1546 2485 vetitae
1577 2422 1765 2482 arbo-

78 2521 162 2577 ris
200 2518 476 2579 fructum
523 2517 945 2593 comedendo,
1003 2541 1037 2576 a
1072 2518 1205 2576 Deo
1248 2512 1646 2585 defecissent,
1694 2531 1764 2568 ac

79 2606 215 2667 ideo
253 2609 314 2665 in
356 2630 620 2690 poenam
651 2629 772 2666 una
811 2628 954 2666 cum
990 2627 1189 2667 uxore
1226 2606 1366 2662 Eva
1411 2624 1444 2663 e
1470 2598 1764 2662 Paradiso

75 2693 253 2779 ejecti
298 2711 455 2756 sunt.

853 2860 984 2918 c2
1619 2855 1674 2931 *)

146 3065 205 3137 a)
246 3068 378 3119 Gen.
419 3085 459 3117 c.
500 3063 543 3117 1.
579 3073 628 3115 cl?
662 3062 713 3116 2.
756 3080 802 3117 v.
843 3061 925 3115 21.
962 3071 1011 3113 ct
1045 3061 1126 3113 22.
