2048 3786
310 136 436 201 156
863 140 1268 201 Historia

209 314 373 380 ulnis
407 339 661 380 servare
685 318 988 399 debebat,
1031 345 1176 381 nam
1219 323 1350 406 ipsa
1388 333 1612 379 natura
1652 315 1924 379 homini-

206 406 324 469 bus
349 427 587 491 poenae
609 407 749 470 loco
771 410 1080 495 pudorem
1098 412 1375 472 dictavit.
1402 411 1511 470 III.
1541 409 1763 482 Quivis
1795 407 1926 468 Ae-

209 509 475 581 gyptum
516 496 869 559 inhabitans
913 501 1080 585 apud
1130 503 1564 585 Magistratum
1610 501 1775 581 quot
1811 520 1921 555 an-

206 587 304 645 nis
327 584 508 647 fateri
540 586 760 648 debuit
802 589 1079 665 modum,
1128 614 1257 674 quo
1280 593 1446 651 vitae
1487 588 1554 668 a)
1599 586 1802 647 media
1843 588 1924 644 si-

209 674 280 735 hi
301 691 644 758 procuret3
693 699 810 760 per
845 702 1036 762 quam
1061 680 1264 763 legem
1311 683 1509 740 otium
1537 697 1780 758 eregno
1814 673 1927 734 eli-

206 765 585 828 minabatur.
614 767 724 830 IV,
763 782 1064 833 statutum
1099 783 1261 831 erat:
1310 785 1381 829 ut
1405 767 1691 841 debitor,
1732 766 1928 849 patris

203 855 300 914 sui
343 852 623 915 defuncti
661 877 891 942 corpus
921 858 1344 920 creditoribus
1365 859 1791 942 oppignorare
1816 852 1925 913 de*

204 943 353 1004 beat
369 989 385 1020 ,
432 943 606 1027 quod
644 948 695 1005 si
758 950 939 1009 vivus
986 971 1115 1008 non
1183 947 1591 1021 redemisset,
1636 958 1926 1005 mortuus

204 1029 467 1094 honesta
493 1034 815 1117 sepultura
862 1052 1108 1115 careat3
1155 1061 1317 1122 quae
1367 1038 1469 1099 lex
1526 1036 1927 1097 securitatem

206 1121 638 1183 creditoribus
664 1170 680 1199 ,
729 1124 1104 1186 industriam
1141 1150 1295 1188 vero
1342 1125 1738 1188 debitoribus
1773 1145 1924 1207 pro-

205 1213 472 1275 curavit.
493 1211 571 1272 V.
607 1214 699 1273 Ut
732 1215 980 1299 Corpus
1011 1212 1286 1297 cujusvis
1314 1215 1593 1277 defuncti
1617 1213 1694 1271 ad
1717 1213 1926 1271 locum

207 1299 538 1390 publicum
571 1299 917 1381 deferatur,
944 1319 1007 1366 et
1045 1307 1096 1365 si
1133 1304 1394 1366 testibus
1427 1302 1754 1386 fidedignis
1778 1323 1932 1359 con-

202 1391 364 1450 stitit
398 1392 596 1451 vitam
638 1389 770 1476 ejus
799 1394 1067 1478 probam
1101 1392 1323 1470 fuisse,
1372 1409 1523 1454 tunc
1563 1395 1617 1453 ei
1665 1389 1922 1451 honesta

204 1478 528 1565 sepultura
554 1481 959 1560 concedatur,
1008 1506 1183 1546 secus
1226 1484 1554 1570 improbus
1579 1478 1931 1565 deprehen-

203 1591 328 1648 SUS,
356 1567 488 1652 ejus
513 1592 743 1657 corpus
772 1575 1155 1658 insepultum
1179 1574 1550 1658 abjiciatur,
1598 1593 1759 1655 quae
1779 1592 1912 1654 poe-

205 1683 287 1723 na
332 1658 500 1744 apud
554 1661 911 1747 Aegyptios
974 1667 1345 1748 gravissima
1401 1678 1576 1739 erat,
1625 1662 1927 1745 quoniam

202 1749 597 1811 crediderint
651 1775 927 1838 eousque
964 1758 1237 1815 animam
1277 1752 1632 1814 inhabitare
1675 1771 1925 1833 corpus,

206 1838 408 1901 donec
444 1839 599 1900 illud
638 1845 1082 1929 incorruptum
1123 1849 1239 1905 sit:
1297 1847 1398 1904 cui
1444 1842 1681 1927 judicio
1737 1844 1925 1902 etiam

204 1930 409 2012 Reges
445 1929 712 2014 subjecti
747 1949 943 1996 erant.
992 1935 1175 2008 Quod
1222 1934 1553 2019 politicum
1604 1932 1667 1992 et
1712 1933 1925 1992 efficax

202 2018 503 2094 medium,
526 2043 703 2104 reges
731 2025 895 2110 ipsos
920 2026 984 2085 in
1004 2024 1187 2085 freno
1211 2022 1503 2086 servandi
1535 2036 1753 2107 aptum
1770 2032 1923 2095 erat3

203 2131 421 2170 omnes
452 2112 623 2171 enim
670 2109 988 2190 homineS,
1041 2138 1074 2176 e
1113 2138 1389 2198 quorum
1423 2111 1788 2198 pectoribus
1812 2131 1927 2169 no-

203 2198 351 2259 hilis
384 2222 596 2260 sensus
640 2224 769 2266 non
804 2203 1062 2280 eviluit,
1111 2206 1505 2266 conabantur
1548 2205 1745 2261 vitam
1776 2221 1929 2284 pro-2

204 2288 351 2350 ham
391 2288 662 2364 ducere3
728 2296 932 2353 omnis
979 2297 1148 2355 enim
1186 2316 1413 2377 parens
1463 2291 1778 2353 desiderat
1804 2336 1819 2364 ,
1853 2301 1925 2347 ut

207 2392 350 2464 post
381 2382 473 2439 sui
505 2396 819 2459 mortem,
865 2382 995 2466 ejus
1030 2384 1239 2468 proles
1272 2407 1350 2445 ne
1369 2406 1513 2444 curn
1554 2381 1928 2442 erubescen-

210 2472 296 2528 tia
316 2473 510 2555 patris
548 2494 779 2533 nomen
805 2478 1144 2535 enunciare
1163 2474 1447 2536 debeant.
1474 2475 1772 2533 Ceterum
1803 2470 1931 2528 Re-

215 2583 412 2643 gnum
447 2558 908 2646 Aegyptiacum
942 2588 973 2622 a
1026 2567 1330 2643 Cambyse
1378 2566 1565 2625 Persa
1603 2581 1928 2631 eversum,

205 2649 500 2735 deinceps
556 2674 671 2735 per
711 2651 1066 2715 Praefectos
1121 2654 1624 2737 gubernabatur,
1667 2665 1729 2712 et
1781 2651 1928 2708 licet

204 2743 453 2823 saepius
491 2740 978 2820 rebellaverint,
1026 2767 1275 2829 semper
1315 2759 1525 2805 tamen
1551 2745 1624 2802 iis
1660 2738 1924 2823 subjecti

205 2845 572 2892 manserunt
609 2855 809 2917 usque
842 2832 920 2895 ad
958 2838 1317 2895 Alexandri
1335 2836 1419 2897 M.
1464 2848 1782 2917 tempora,
1815 2851 1926 2887 cum

1751 2941 1846 3006 Jus

279 3108 340 3183 a)
380 3110 672 3165 Herodott.
704 3111 765 3165 L.
806 3110 855 3168 2.
890 3131 936 3165 c,
973 3111 1100 3171 177.
1136 3113 1237 3169 sub
1270 3115 1465 3169 Amase
1504 3131 1650 3186 rege.
