2048 3786
623 194 793 252 Heb
818 215 852 248 1·
878 211 1134 247 (ceorla
1159 211 1233 245 m.
1613 191 1690 248 55)

80 369 489 432 attraxerunt3
534 370 595 417 et
615 355 924 437 negabant
962 355 1199 410 animae
1241 352 1778 412 immortalitatem

81 467 151 504 ac
207 449 709 506 resurectionem.
765 445 986 499 Esseni
1025 454 1201 499 erant
1233 438 1542 520 simplices
1584 436 1785 497 homi-

80 555 224 609 nes;
265 535 563 606 caelibeS,
600 530 1036 611 voluptatuum
1051 540 1487 600 contemtoreS,
1535 549 1780 585 omnem

78 624 463 682 sanctitatem
494 624 558 679 in
582 641 795 679 severa
813 633 874 677 et
907 614 1407 697 comtemplativa
1446 617 1572 673 vita
1603 635 1787 696 repo-

80 710 328 769 nebant.
364 710 606 770 Sectam
647 709 1013 765 Scribarum
1029 705 1093 783 a)
1119 701 1378 762 eandem
1418 705 1773 762 existimant

76 797 264 858 fuisse
298 819 442 856 cum
498 798 779 854 Cat-aitis
805 840 821 864 ,
868 795 978 875 qui
1016 790 1262 873 rejectis
1301 788 1783 875 Pharisaeorum

79 884 520 944 traditionibus
560 898 623 943 et
662 882 920 956 fabulis,
971 881 1159 940 solius
1181 882 1527 963 scripturae
1575 879 1788 937 lumen

77 973 516 1055 sequebantur.
566 972 680 1030 His
723 971 1012 1030 omnibus
1048 966 1291 1052 pejores
1332 982 1510 1027 erant
1585 971 1635 1027 1.
1672 970 1789 1025 Sa-

80 1064 432 1135 maritani,
499 1081 773 1143 quorum
831 1058 1152 1141 religionis
1209 1059 1386 1138 origo
1453 1070 1544 1115 est
1600 1053 1785 1115 haec:

75 1170 220 1208 cum
269 1151 720 1207 Salmanccssar
772 1147 985 1209 decem
1036 1145 1237 1205 tribus
1279 1144 1644 1204 Israeliticas
1721 1146 1787 1202 in

76 1236 387 1311 Mediam,
434 1252 497 1297 et
532 1236 941 1318 Babyloniam
992 1234 1356 1316 relegasset,
1442 1235 1506 1290 in
1566 1253 1788 1292 vacuas

82 1324 335 1386 illarum
391 1325 561 1387 sedes
585 1372 600 1400 ,
668 1346 866 1385 novos
955 1323 1208 1383 colonos
1279 1323 1469 1380 variis
1543 1344 1577 1383 e
1629 1344 1779 1403 gen-

78 1414 247 1474 tibus
284 1414 511 1474 mixtos
556 1415 761 1489 misit3
806 1414 867 1493 b)
914 1412 990 1471 ad
1025 1432 1180 1494 quos
1204 1409 1607 1494 Assyriorum
1649 1431 1784 1484 rex,

79 1523 279 1562 ¹unum
321 1523 356 1561 e
401 1504 664 1586 captivis
719 1502 1157 1562 Hebraeorum
1214 1497 1638 1560 sacerdotibus
1676 1520 1787 1557 ex·-

79 1588 357 1671 pedivit,
398 1613 430 1647 a
468 1613 595 1672 quo
636 1590 1075 1650 Habraeorum
1120 1587 1490 1670 religionem
1543 1585 1786 1659 edocti,

72 1675 228 1741 hanc
265 1700 408 1738 cum
442 1677 717 1762 profanis
759 1679 997 1761 patriae
1041 1699 1184 1736 suae
1238 1675 1784 1759 superstitionibus

74 1780 534 1848 corruperunt,
580 1788 650 1826 ac
691 1766 943 1827 demum
983 1786 1176 1847 opera
1196 1763 1547 1844 transfugae
1564 1765 1600 1820 J
1606 1761 1783 1822 udaei

77 1854 331 1913 nomine
357 1857 681 1913 Manassis
701 1854 1002 1935 templum
1037 1855 1101 1910 in
1126 1866 1340 1912 monte
1375 1853 1646 1909 Garizim
1671 1872 1767 1910 ex-

74 1956 455 2003 struxerunt.
505 1945 584 2002 II.
627 1944 1017 2016 Herodiani,
1068 1963 1341 2024 quorum
1382 1939 1677 2021 frequens
1696 1950 1785 1998 est

72 2033 310 2106 mentio
358 2033 423 2090 in
456 2032 639 2092 Novo
685 2032 1114 2104 Testamento,
1154 2032 1265 2112 qui
1289 2030 1556 2112 tempori
1587 2049 1651 2086 se
1685 2048 1786 2085 ac-

76 2117 506 2195 comodanteS,
545 2143 624 2181 ne
670 2123 866 2180 nimio
911 2119 1234 2200 religionis
1279 2117 1409 2178 zelo
1455 2118 1769 2176 Romanos

76 2209 143 2273 in
173 2229 236 2267 se
276 2211 695 2283 concitarent,
745 2209 1114 2291 religionem
1159 2209 1439 2265 Herodis
1463 2207 1546 2265 Μ.
1583 2206 1776 2266 secuti

76 2310 260 2373 sunt3
306 2319 500 2379 quare
562 2296 626 2356 hi
673 2311 995 2380 tamquam
1041 2297 1294 2379 pagani,
1360 2295 1495 2353 aliis
1539 2293 1787 2353 Judaeis

72 2386 259 2443 invisi
302 2400 510 2461 erant,
558 2401 620 2447 et
668 2408 892 2446 revera
930 2383 1156 2445 horum
1193 2383 1517 2444 discordiis
1551 2385 1780 2443 misere

76 2487 298 2533 vexata
333 2472 452 2532 fuit
494 2475 764 2536 Ecclesia
800 2473 1071 2534 Judaica.
1122 2476 1261 2557 Ipse
1287 2475 1452 2533 enim
1493 2475 1783 2532 Herodes

73 2562 503 2625 Romanorum
537 2566 998 2648 Imperatorum
1035 2585 1308 2622 summus
1324 2560 1641 2636 adulator,
1685 2582 1787 2620 re·-

69 2649 367 2730 ligionem
405 2650 725 2712 Judaicam
755 2674 934 2734 saepe
959 2651 1234 2712 ludibrio
1279 2648 1516 2723 habuit,
1564 2650 1784 2708 Ponti-

75 2735 345 2819 ficesque
382 2761 499 2820 pro
539 2740 741 2800 lubito
782 2741 1103 2799 constituit
1127 2787 1142 2815 ,
1201 2753 1308 2798 aut
1358 2737 1681 2821 deposuit,
1725 2736 1784 2814 c)

72 2823 203 2885 Nec
240 2838 444 2908 potest
483 2829 902 2911 praetermitti
930 2831 1110 2912 origo
1148 2829 1646 2886 Iielletziscccrmn
1671 2826 1781 2908 qui

1586 2936 1698 2975 vo-

143 3044 202 3119 a)
239 3045 436 3097 Matth.
471 3066 516 3098 c.
552 3044 638 3100 23.
677 3044 731 3118 b)
769 3046 986 3116 Joseph.
1032 3045 1204 3114 antiq.
1237 3042 1360 3096 Jud.
1397 3043 1459 3094 L.
1510 3039 1593 3096 11.
1634 3061 1678 3094 e.
1724 3039 1783 3093 δ’

229 3117 279 3185 §.
306 3114 366 3173 2.
404 3115 455 3188 c)
495 3116 643 3170 idem
671 3118 735 3171 L.
777 3115 823 3171 1.
857 3116 923 3169 de
954 3115 1082 3170 hell.
1117 3114 1240 3168 Jud.
1274 3133 1319 3167 c·
1361 3111 1443 3166 13.
