2048 3786
377 170 457 230 64
919 178 1350 234 Ilistorlct

285 352 468 428 situs,
517 355 551 412 a
603 356 961 415 Pharaonis
1026 380 1182 418 vero
1242 357 1372 417 filia
1420 356 1565 420 inde
1621 374 1986 440 extractus,

281 439 427 501 dein
465 443 759 505 educatus
800 468 867 505 ac
894 447 1125 507 Literis
1177 446 1639 532 Aegyptiorum
1698 453 1818 512 rite
1866 475 1977 512 ex-

281 530 528 608 cultus,
593 534 743 593 dum
800 535 1174 598 adolevisset
1213 583 1229 612 ,
1316 560 1380 598 se
1438 537 1801 601 Hebraeum
1850 562 1981 603 esse

273 619 481 704 palam
535 623 849 706 professus
882 639 1009 701 est,
1072 640 1135 687 et
1173 648 1367 687 annos
1399 641 1580 687 natus
1627 631 1727 689 40.
1774 653 1972 714 quum

273 710 640 774 Hebraeum
705 714 786 773 ab
854 714 1172 800 Aegyptio
1250 715 1686 778 inclementius
1750 719 1978 781 verbe-

271 802 405 859 rari
451 805 876 888 conspexisset
913 851 928 881 ,
993 806 1124 888 ipse
1184 804 1570 889 Aegyptium
1629 806 1972 868 obtrunca-

270 892 402 965 vit,
433 892 616 954 unde
637 896 968 955 imminens
1001 894 1121 954 sibi
1147 896 1313 955 vitae
1356 895 1709 979 periculum
1732 897 1809 957 ad
1834 898 1972 960 Ma—

268 977 536 1042 dianitas
569 981 869 1066 fugiendo
908 986 1192 1059 evitavit,
1241 984 1461 1068 ibique
1491 984 1676 1046 ducta
1719 989 1977 1047 Jetlzro-

263 1072 365 1127 πίε
403 1070 755 1133 Sacerdotis
809 1071 934 1132 filia
979 1076 1299 1150 Ziplzora,
1348 1075 1415 1156 a)
1461 1074 1617 1135 duos
1660 1073 1820 1138 filios
1868 1099 1976 1161 ge·-

262 1161 405 1217 nuit
429 1206 446 1235 ,
493 1176 557 1222 et
596 1184 852 1246 gregem
892 1165 1082 1245 pavit.
1132 1163 1248 1223 Ast
1266 1167 1740 1247 octvagenarius
1762 1189 1838 1230 ex
1864 1167 1972 1226 fla-

262 1251 473 1331 granti
526 1253 689 1311 rubo
732 1250 809 1310 ad
868 1266 1149 1312 montem
1204 1254 1366 1312 Oreb
1425 1253 1657 1316 divinis
1701 1255 1969 1317 oraculis

264 1336 625 1400 admonitus
679 1343 741 1399 in
800 1340 1161 1424 Aegyptum
1218 1340 1498 1419 redivit,
1545 1358 1618 1403 ut
1680 1343 1971 1430 adjutore

262 1430 475 1486 Arone
496 1426 715 1504 fratre,
763 1430 1194 1491 Israelitarum
1233 1445 1481 1515 gentem
1537 1436 1716 1517 gravi
1757 1434 1970 1519 Aegy-

261 1519 543 1601 ptiorum
566 1518 714 1605 jugo
740 1542 1039 1603 pressam,
1067 1522 1132 1580 in
1158 1521 1515 1583 libertatem
1536 1538 1859 1585 assereret.
1907 1525 1969 1607 b)

256 1606 381 1667 Hic
419 1610 642 1693 incipit
682 1612 945 1687 Epoclza
989 1612 1066 1672 II.
1137 1610 1564 1673 Israelitarum
1607 1626 1679 1674 ut
1731 1617 1969 1676 Demo-

257 1700 510 1757 cratica
546 1699 966 1784 Respublica,
1037 1726 1070 1761 a
1107 1704 1285 1761 Mose
1323 1723 1522 1786 usque
1567 1700 1646 1762 ad
1710 1706 1964 1763 Saulem

251 1785 510 1871 Regem.

414 1881 626 1938 Moses
670 1880 852 1963 Reip.
892 1880 1364 1942 Democraticae
1395 1879 1706 1956 conditor,
1744 1904 1778 1939 a
1809 1881 1961 1940 Pla-

256 1972 396 2025 tone
422 1975 762 2046 νομοθετης,
802 1969 881 2029 ab
922 1973 1262 2048 Eupolemo
1300 1996 1517 2049 πρωτος
1556 1992 1733 2049 σοφος
1757 1994 1790 2029 a
1824 1972 1962 2029 Να-

253 2059 453 2116 menio
493 2081 649 2120 vero
692 2081 1024 2139 σοφωτατος
1082 2059 1317 2135 dictus,
1375 2058 1539 2120 idem
1571 2060 1957 2142 Legislator,

248 2145 679 2230 Expugnator,
727 2149 1080 2211 Historicus
1123 2171 1193 2209 ac
1233 2149 1458 2227 Vates3
1503 2171 1718 2210 omnes
1753 2151 1951 2211 Grae-

244 2257 466 2295 corum
487 2239 650 2300 Deos
683 2254 988 2302 vetustate
1023 2238 1431 2317 antecellens,
1479 2261 1730 2301 omnem
1749 2261 1956 2325 popu-

243 2323 378 2385 lum
425 2326 813 2391 Hebraicum
848 2328 1069 2392 divino
1116 2329 1450 2414 prodigio,
1499 2329 1559 2411 c)
1606 2351 1723 2412 per
1759 2331 1952 2390 maris

244 2415 429 2475 rubri
475 2416 739 2479 fundum
779 2421 1186 2496 exsiccatum,
1233 2416 1514 2479 hostibus
1547 2421 1658 2502 qui
1680 2416 1811 2503 ejus
1843 2439 1955 2480 ve-

242 2508 423 2588 stigia
476 2511 905 2592 sequebantur
967 2513 1193 2571 misere
1250 2507 1661 2592 pereuntibus
1699 2509 1765 2590 d)
1827 2522 1960 2568 tra-

239 2593 440 2675 duxit,
473 2621 543 2659 ac
573 2600 761 2684 paulo
785 2615 925 2684 post
943 2623 1133 2684 supra
1152 2603 1377 2675 sinum,
1415 2621 1532 2682 per
1553 2596 1956 2659 solitudinem

239 2684 402 2748 flexo
443 2689 672 2752 itinere
698 2739 713 2767 ,
755 2694 854 2753 40.
907 2713 1218 2751 annorum
1255 2690 1456 2772 spatio
1510 2711 1626 2770 per
1673 2686 1949 2748 Arabiae

237 2773 515 2857 deserta,
563 2803 713 2865 gens
751 2784 910 2842 mire
963 2778 1431 2856 circumducta,
1493 2778 1796 2925 deincepsl
1835 2798 1952 2862 per

1802 2889 1865 2928 e·-

307 3015 366 3088 α)
405 3019 581 3072 Exod.
614 3042 657 3073 c.
692 3022 743 3073 2.
777 3040 828 3077 v.
865 3020 1095 3075 11-22.
1170 3020 1224 3095 b)
1265 3021 1403 3075 Ibid.
1434 3021 1486 3074 ‘c.
1525 3020 1577 3078 3.
1612 3021 1663 3074 4.
1701 3019 1937 3100 7..seqq.

393 3088 446 3162 c)
487 3092 635 3146 Pctr.
688 3093 1023 3149 W'althcrus‘.
1072 3094 1128 3145 in
1171 3092 1312 3146 offic.
1354 3094 1494 3146 Bibl.
1543 3094 1610 3145 dc
1645 3093 1847 3164 Script.
1884 3109 1939 3146 m

393 3162 587 3233 specie.
621 3165 669 3233 §.
711 3162 830 3218 725.
904 3163 963 3235 d)
1001 3165 1263 3219 Justinus.
1311 3165 1377 3219 L.
1421 3164 1509 3220 36.
1541 3185 1586 3219 c.
1622 3162 1672 3218 2.
