2048 3786
358 206 495 262 178
865 207 1317 265 Historia

275 392 363 450 ita
381 401 444 451 et
465 387 748 448 moribus
769 392 1041 450 maxime
1057 387 1432 449 differebant
1442 389 1634 445 Getae
1650 389 1818 447 enim
1835 395 1979 445 sunt

255 480 396 541 seri
442 491 506 538 et
559 477 639 536 ad
683 494 956 540 mortem
994 478 1366 561 paratissimi
1401 477 1466 557 a)
1493 491 1634 560 post
1662 497 1840 559 qu033
1882 479 1980 533 ine-

270 584 369 632 ter
404 566 706 629 Thraciae
757 567 1023 653 populos
1062 580 1482 638 occurrerunt
1535 568 1824 641 Cicones,
1870 571 1983 647 qui

278 658 359 719 ad
392 660 715 719 Ismariam
763 658 991 718 urbem
1031 654 1409 717 habitabant.
1459 655 1520 736 b)
1555 658 1852 713 Bistones
1900 658 1980 716 ab

275 749 438 809 urbe
461 750 547 807 sic
566 746 729 806 dicta
752 749 972 807 vocati.
999 747 1056 827 e)
1078 749 1341 806 Edomes
1362 746 1753 804 maritimum
1773 767 1789 820 3
1812 746 1983 805 Edo-

274 842 363 897 mi
399 851 672 897 tractum
694 837 1230 898 mediterraneum
1266 835 1639 896 incolebant.
1682 832 1747 912 d)
1779 835 1987 912 Odry-

274 949 497 986 sarum
515 927 849 1009 imperium
874 926 1307 1008 magnitudine
1332 922 1734 1010 pertingebat
1754 920 1832 980 ad
1855 947 1988 982 ma—

275 1039 384 1092 re,
425 1016 506 1075 ab
540 1015 700 1075 urbe
736 1014 1009 1076 Abderis
1039 1015 1117 1088 ad
1159 1016 1431 1075 Pontum
1483 1015 1831 1090 Euxinum,
1875 1012 1987 1071 ubi

277 1110 436 1166 Ister
459 1103 685 1163 fluvius
718 1105 782 1161 in
830 1126 974 1163 eum
1013 1102 1232 1163 influit.
1276 1104 1333 1184 e)
1372 1104 1680 1179 Aphz'taei
1710 1100 1989 1164 celebres

278 1184 457 1255 erant
490 1216 525 1251 a
561 1191 735 1251 cultu
776 1192 1120 1252 Ammonis.
1158 1195 1447 1250 Pallenes
1469 1193 1835 1274 praecipuas
1879 1214 1991 1250 ur—

281 1284 392 1344 bes
423 1281 728 1342 colebant.
784 1283 1060 1339 Sithonii
1109 1302 1258 1363 gens
1310 1283 1475 1340 circa
1521 1282 1736 1339 Pontis
1776 1278 1992 1340 littora

279 1369 622 1432 habitabat.
649 1371 735 1450 f)
777 1371 1245 1449 Pygmaeorum
1271 1391 1419 1454 gens
1454 1371 1519 1427 in
1563 1366 1796 1452 oppido
1834 1370 1995 1429 Ger-

282 1464 498 1522 raniae
529 1459 741 1521 sedem
783 1456 1018 1519 habuit.
1046 1462 1121 1540 g)
1168 1462 1441 1518 Paeones
1481 1456 1558 1517 ad
1594 1458 1824 1518 limites
1859 1460 1995 1519 Ma-

260 1550 581 1612 cedoniae
616 1548 788 1610 sedes
829 1548 1120 1610 fixerunt.
1161 1551 1230 1632 h)
1278 1547 1547 1608 Thracia
1590 1548 1993 1629 irrigabatur,

277 1641 633 1726 praecipuis
696 1637 788 1696 his
835 1638 1192 1717 fluvii53uti
1234 1640 1561 1713 Ηεόναιη,
1628 1640 1900 1712 Neston,
1936 1652 2001 1698 et

283 1734 648 1808 Strymona.
671 1730 920 1789 Montes
954 1744 1162 1789 autem
1184 1726 1408 1789 habet:
1457 1729 1796 1802 Haemum,
1824 1729 1998 1786 Rlzo—

284 1824 518 1896 dopen,
556 1832 620 1879 et
651 1819 951 1894 Orbelon,
997 1821 1149 1879 item
1188 1822 1545 1896 Ogympam,
1586 1820 1786 1874 Athos
1813 1837 1992 1876 mons

276 1923 487 1968 autem
524 1907 678 1967 adeo
727 1923 819 1968 est
864 1901 1209 1984 elatu3‚‚ut
1256 1906 1550 1968 credatur
1581 1905 1760 1964 altius
1807 1928 1999 1989 quam

281 1997 449 2058 unde
502 1997 737 2057 imbres
816 1997 1048 2057 cadunt
1117 2019 1394 2081 surgere.
1463 1995 1673 2056 Urbes
1719 1995 2000 2056 celebres

286 2100 502 2147 erant:
553 2087 841 2161 Abdera,
901 2089 1196 2161 Dicaea,
1249 2089 1646 2158 Mar-onam,
1696 2085 1873 2168 cujus
1909 2088 2007 2144 vi—

283 2198 439 2235 num
459 2174 539 2234 ab
560 2176 789 2257 insigni
828 2173 1200 2237 fortitudine
1224 2174 1526 2234 laudatur.
1554 2177 1826 2251 Pallene,
1853 2176 2005 2236 item

285 2268 520 2324 Mende
546 2310 560 2338 ,
609 2265 895 2342 Aphytis
921 2311 935 2339 ‚
979 2267 1361 2338 Τῆναῑηὸηε,
1396 2267 1634 2339 Scione,
1675 2278 1851 2324 erant
1896 2287 2006 2323 ur-

285 2353 394 2415 bes
433 2354 750 2414 Graecae:
797 2355 845 2435 i)
894 2357 987 2412 uti
1043 2370 1146 2427 et,
1225 2356 1498 2428 Cardia,
1547 2357 1691 2429 Ide,
1760 2357 2003 2428 Paeon,

288 2446 594 2501 leasc'am
627 2465 783 2503 vero
828 2445 890 2524 k)
938 2443 1216 2529 dupplex
1254 2444 1472 2502 vinum
1535 2441 1762 2519 habet,
1806 2466 2004 2502 unum

280 2531 738 2617 soporiferum,
786 2532 1053 2593 alterum
1077 2558 1205 2619 quo
1252 2532 1502 2617 fugatur
1535 2555 1802 2594 somnus.
1847 2534 2005 2593 Tar-

1783 2622 1920 2682 dius

352 2815 412 2879 a)
457 2812 599 2866 Mela
616 2813 681 2865 L.
716 2812 767 2868 2.
806 2833 860 2884 p.
903 2813 987 2870 56.
1027 2811 1080 2886 b)
1103 2814 1382 2886 Virgilius
1420 2817 1619 2887 Georg.
1639 2817 1701 2870 L.
1737 2816 1787 2870 2.
1818 2836 1872 2872 v,
1913 2816 1979 2869 37

445 2887 497 2948 e)
526 2885 802 2940 Lucanu5.
833 2886 894 2937 L.
932 2885 987 2941 2.
1022 2904 1073 2937 v.
1098 2884 1216 2944 163.
1256 2887 1585 2943 Ovidius.L.
1628 2901 1674 2940 1.
1714 2887 1781 2939 de
1811 2891 2009 2940 Ponto·

445 2954 603 3025 Eleg.
634 2955 683 3008 4.
721 2956 784 3027 d)
822 2956 1094 3008 Lucanus,
1137 2958 1198 3011 L.
1240 2956 1294 3014 1.
1329 2976 1386 3014 v.
1422 2958 1545 3014 675.
1585 2959 1635 3030 e)
1676 2958 1923 3014 Thucid.
1948 2961 2010 3010 L.

449 3024 500 3098 2.
538 3045 592 3097 p.
638 3026 753 3080 166.
781 3023 850 3099 s)
882 3028 1104 3080 Plinius.
1135 3029 1193 3079 L.
1226 3026 1282 3083 4.
1318 3050 1368 3084 c·
1409 3027 1495 3084 11.
1539 3029 1612 3100 g)
1650 3030 1813 3082 idem.
1871 3030 2010 3083 ibid.

444 3095 523 3167 lt)
564 3097 731 3152 idern.
765 3097 905 3152 ibid.
947 3119 993 3151 o.
1037 3097 1121 3151 10.
1173 3097 1219 3171 ι’)
1260 3101 1527 3156 Herodot.
1574 3101 1642 3155 L.
1682 3099 1728 3152 7.
1787 3121 1835 3161 c.
1890 3098 2012 3154 123.

441 3166 498 3237 k)
536 3168 752 3223 Aelian.
792 3171 855 3224 L.
880 3168 1033 3225 12.c.
1065 3168 1112 3223 1.
1152 3168 1362 3228 Athen.
1384 3172 1449 3225 L.
1492 3169 1539 3225 1.
1577 3170 1734 3244 p.31.
