2048 3786
352 156 431 216 '76
928 162 1354 218 llistoria.

265 357 444 418 agros
488 341 764 423 accepit,
812 338 917 399 sed
953 362 1068 424 per
1092 339 1368 422 reliquas
1409 358 1620 422 sparsa
1653 350 1758 398 est.
1796 339 1988 399 Josue

259 448 308 483 a.
331 430 546 488 aetatis
589 432 728 490 110.
757 426 931 488 obiit.
958 440 1023 510 a)
1042 430 1299 490 Mortuo
1331 430 1519 486 Josue
1541 428 1783 487 nullum
1803 449 1975 489 eom-

259 537 448 580 mune
483 520 636 602 reip.
681 532 869 602 caput
900 517 1019 578 fuit
1042 565 1057 593 ‚
1091 518 1382 578 Seniores
1431 518 1599 577 enim
1630 534 1974 600 coeperunt

254 628 498 688 praesse
533 607 762 690 quibus
781 611 968 667 etiam
992 609 1304 682 extinctiS‚
1341 605 1650 667 Israelitae
1673 608 1985 667 affinitati-

260 695 376 755 bus
394 719 537 756 eum
555 694 951 769 ChananaeiS,
979 719 1137 780 quos
1157 696 1257 758 vel
1274 719 1402 756 non
1426 710 1718 780 poterant
1735 696 1984 780 subige—

259 805 331 844 re
354 832 372 861 ‚
410 784 512 847 vel
534 785 814 848 devictos
845 786 1233 847 tributorum
1263 808 1443 846 causa
1483 785 1940 847 conservabant
1960 831 1976 860 ‚

259 871 478 956 juncti3
493 874 572 935 ad
591 874 740 936 falsa
764 899 985 939 eorum
1010 879 1270 936 numina
1286 873 1545 937 colenda
1564 875 1980 950 declinarunt,

256 962 430 1047 eujus
448 964 698 1027 sceleris
720 989 924 1051 poena
946 965 1066 1025 fuit
1097 967 1364 1028 servitus
1388 988 1423 1024 a
1445 967 1674 1025 vicinis
1704 968 1979 1025 nationi-

261 1053 378 1113 bus
425 1058 712 1140 imposita
737 1104 756 1130 ,
805 1057 867 1137 b)
914 1077 1104 1138 quam
1144 1058 1326 1116 toties
1347 1054 1562 1116 subire
1595 1053 1976 1131 debuerunt,

258 1149 504 1226 quoties
547 1144 624 1204 ad
644 1143 1000 1206 idolatriam
1031 1143 1432 1221 defecerunt3
1479 1159 1550 1204 ut
1569 1146 1844 1228 primum
1867 1168 1975 1204 au-

257 1247 385 1293 tem
418 1236 535 1295 Dei
577 1233 813 1294 cultum
851 1248 1285 1316 agnoverunt,
1331 1255 1481 1293 mox
1525 1234 1689 1294 Deus
1724 1258 1839 1319 per
1865 1257 1978 1318 pe-

255 1320 555 1384 culiarem
601 1321 922 1383 hominem
955 1345 990 1384 e
1034 1324 1336 1383 servitute
1372 1321 1509 1382 illos
1544 1321 1878 1400 liberavit·y
1915 1338 1979 1385 et

256 1411 406 1471 tales
441 1415 565 1472 viri
601 1415 852 1471 Jacllces
897 1413 1328 1487 vocabantur,
1399 1434 1477 1472 ex
1532 1411 1763 1496 quibus
1808 1412 1973 1474 cele-

253 1502 499 1563 briores
545 1516 721 1562 sunt:
769 1505 1031 1562 Atlmiel
1058 1504 1298 1587 primus
1317 1501 1353 1559 J
1358 1499 1524 1561 udex
1555 1502 1612 1583 c)
1646 1504 1758 1584 qui
1809 1505 1977 1563 Clue-

250 1614 495 1650 samam
533 1593 1024 1677 Mesopotamiae
1072 1614 1319 1675 regem,
1354 1590 1664 1652 Israelitas
1705 1594 1978 1656 servitu-

255 1697 316 1743 te
343 1697 736 1765 prementem
782 1704 1004 1765 magna
1036 1681 1210 1742 clade
1245 1681 1470 1740 affecit.
1497 1683 1745 1740 Elzuclc‘s
1770 1684 1973 1742 virtus

251 1774 315 1830 in
355 1770 521 1832 bello
561 1787 781 1831 eontra
805 1772 1116 1833 Moabitas
1139 1773 1402 1845 enituit,
1449 1793 1725 1852 quorum
1757 1794 1974 1854 regem

250 1862 318 1941 cl)
364 1864 669 1942 Eglonem
693 1865 758 1921 in
778 1884 886 1922 sua
903 1862 1040 1922 aula
1059 1859 1393 1921 transfixit⁴
1423 1862 1706 1940 Samgcm·
1735 1862 1793 1942 e)
1816 1862 1973 1923 Sex—-

247 1966 459 2012 centos
496 1949 857 2013 Philistaeos
883 1951 1128 2012 oceidit.
1177 1949 1448 2008 Baraclz
1470 1946 1723 2013 hostiles
1762 1953 1975 2035 copias

247 2044 412 2124 regis
459 2042 651 2099 „labin
672 2043 755 2123 f)
813 2041 1020 2124 gladio
1087 2040 1324 2103 delevit
1344 2086 1359 2114 ,
1429 2037 1605 2124 eujus
1665 2043 1971 2102 victoriae

246 2129 514 2192 artifices
545 2145 725 2192 erant
766 2131 923 2192 duae
975 2132 1258 2193 celebres
1348 2127 1656 2206 feminae,
1717 2132 1980 2190 Debora

248 2217 643 2305 Prophetissa
663 2267 679 2295 ,
724 2245 885 2304 quae
931 2223 1311 2281 Barac-Imm
1334 2218 1411 2277 ad
1443 2218 1807 2281 bellandum
1831 2223 1968 2279 ani-

251 2314 462 2371 mavit.
511 2310 737 2372 Altera
769 2309 1021 2372 heroica
1052 2310 1284 2373 femina
1328 2307 1448 2368 fuit
1487 2311 1650 2386 Jael,
1692 2334 1851 2394 quae
1872 2314 1973 2369 Si-

249 2423 458 2459 seram
501 2400 721 2462 ducem
770 2404 1085 2462 exereitus
1121 2402 1314 2482 Regis
1349 2400 1540 2457 Jabitz
1581 2401 1656 2481 g)
1706 2398 1973 2484 pedibus

249 2489 594 2574 fugientem
629 2491 856 2552 blande
899 2494 1168 2552 invitans
1192 2536 1208 2565 ‚
1256 2489 1414 2549 laete
1457 2503 1520 2549 et
1543 2489 1777 2571 butyro
1806 2505 1974 2550 satu-

251 2583 448 2656 ravit,
495 2584 767 2664 sopitum
804 2605 968 2642 vero-
999 2581 1179 2642 clavo
1210 2578 1603 2661 temporibus
1644 2579 1838 2641 infixo
1861 2603 1971 2641 ne·-

255 2672 437 2730 cavit.
495 2674 730 2731 Gideon
766 2674 859 2732 Sui
891 2675 1029 2733 aevi
1066 2670 1251 2733 heros
1283 2669 1659 2731 Madianitas
1689 2685 1752 2732 et
1772 2669 1971 2729 Ama-

1736 2760 1887 2822 leci-

328 2932 387 3007 (ι)
428 2932 591 2986 idem.
634 2953 675 2983 e.
708 2930 792 2985 23.
828 2931 915 2984 24.
953 2933 1173 3004 Joseph.
1221 2933 1408 3003 Antiq.
1461 2932 1522 3038 ξ..
1559 2932 1607 2985 .5.
1647 2953 1690 2986 c.
1729 2932 1776 2985 1.
1814 2931 1970 3003 §.29-

412 3003 467 3128 f)
497 3004 557 3128 ἕ.
585 3002 1635 3147 ἓξὲξ.ῗι)1.ζίιᾱ”ἶ’ξ3ῗῒὲᾈῗ.θὲὲ)“ᾗζῑῖ]ῗ
1670 3004 1965 3147 {ludsff'f’}

420 3146 547 3199 ibid.
589 3166 632 3198 e.
673 3150 720 3198 4.
755 3162 804 3198 V.
840 3143 918 3197 16.
946 3148 1015 3216 g)
1057 3146 1187 3199 ibid.
1220 3165 1274 3199 v.
1309 3144 1394 3197 21.
1426 3156 1477 3197 et
1510 3165 1550 3197 e.
1585 3147 1632 3199 s».
