2048 3786
348 130 472 191 516
936 141 1347 201 Ilistoria

244 317 418 391 Ζαρίἰ
453 325 772 397 templum.
830 326 1077 386 stIartis
1111 341 1171 386 et
1225 330 1473 387 Cereris
1508 333 1758 405 samem.
1813 328 1968 385 Pro-

244 409 539 481 serpinae
570 415 987 474 sinmlacram
1007 421 1176 477 statis
1217 416 1436 478 diebus
1474 420 1537 475 in
1585 417 1966 477 Eleusiniam

242 493 574 578 deportari
612 501 886 562 solitum.
929 505 998 585 α)
1046 507 1141 564 Ηί
1172 529 1287 567 nec
1326 506 1743 589 reliquiarum
1785 519 1965 565 erant

243 585 473 645 incurii
506 610 518 646 :
568 612 713 649 nam
761 591 1100 675 Spartanos
1129 593 1306 676 jussit
1331 596 1656 656 oraculum
1686 597 1747 676 b)
1774 617 1967 678 quae-

243 697 386 734 rere
436 699 567 736 ossa
609 682 873 739 Orestis.
930 684 1196 744 Interim
1240 690 1585 765 Lycurgus
1613 697 1685 744 ut
1721 707 1755 745 e
1792 683 1962 743 radi-

242 785 312 824 ce
354 767 811 849 rempublicam
845 775 1206 853 organisare
1236 776 1473 850 valeat,
1501 772 1688 835 simul
1722 776 1969 857 optime

240 855 423 911 novit
456 855 782 937 religionis
830 864 1019 920 etiam
1066 867 1481 925 mutationem
1526 886 1655 925 esse
1691 884 1969 923 necessa-

239 944 436 1001 riam:
487 947 635 1025 quia
670 969 824 1007 vero
864 963 991 1007 tam
1025 951 1317 1033 religiosa
1367 953 1687 1014 moralitas
1714 999 1729 1026 ‚
1770 974 1968 1034 quam

238 1029 458 1090 Civilis
502 1032 653 1114 legis
697 1039 1150 1098 conscientiosa
1186 1041 1587 1102 observantia
1622 1041 1972 1126 plurimum

237 1142 270 1176 a
311 1121 514 1201 proba
557 1121 901 1205 juventutis
940 1127 1311 1191 educatione
1370 1128 1682 1212 proficisci
1736 1130 1972 1205 soleat;

243 1207 388 1270 ideo
437 1211 897 1295 Spartanorum
936 1219 1102 1278 cives
1126 1265 1142 1294 ,
1189 1218 1267 1277 ad
1303 1219 1694 1302 reipublicae
1728 1219 1970 1278 utilita-

240 1308 369 1359 tem
406 1315 688 1378 mature,
742 1304 926 1386 plane
980 1306 1126 1370 inde
1169 1309 1248 1368 ab
1309 1308 1570 1369 infantia
1619 1307 2003 1369 educandos·

237 1392 488 1449 statuit:
530 1406 594 1451 et
641 1393 901 1475 quidem
942 1419 1061 1480 pro
1104 1399 1370 1459 militari
1394 1421 1504 1459 suo
1526 1397 1714 1482 plano
1752 1396 1972 1458 decre-

234 1481 364 1537 vit:
416 1494 485 1538 ut
524 1482 720 1564 prolis
769 1500 1061 1546 recenter
1131 1503 1309 1564 nata,
1372 1491 1526 1548 vino
1574 1486 1851 1547 lavanda
1896 1486 1971 1545 ad

235 1569 671 1650 Magistratum
737 1572 1095 1636 deferatur:
1160 1601 1322 1662 quae
1384 1577 1539 1638 lotio
1597 1600 1715 1661 pro
1776 1576 1971 1637 debili

231 1658 672 1742 complexione
721 1661 965 1724 lethalis
1004 1659 1379 1749 putabatur,
1428 1659 1734 1751 quoniam
1771 1669 1820 1726 si
1858 1667 1969 1748 qui

238 1746 523 1808 defectus
565 1752 628 1808 in
666 1753 1109 1834 proleinventi
1134 1757 1412 1831 fuissent,
1450 1780 1520 1818 ea
1537 1756 1773 1818 lotione
1799 1757 1968 1840 peri-

232 1853 580 1914 merentur,
624 1838 940 1904 dicentes:
990 1845 1146 1927 quid
1211 1848 1497 1907 utilitatis
1536 1845 1787 1907 tandem
1833 1867 1973 1928 spe-

236 1950 379 1987 rare
414 1945 666 2010 possent
701 1955 732 1989 a
781 1934 1068 1993 morbida
1106 1936 1336 2021 prole?
1374 1939 1650 2011 Mirum,
1684 1934 1960 2018 qualiter

237 2014 526 2078 homines
562 2022 644 2077 ita
682 2037 989 2103 proterve
1007 2041 1263 2087 naturae
1281 2026 1450 2109 leges
1487 2027 1815 2108 imponere
1832 2039 1972 2083 ten-

234 2109 542 2167 taverint!
571 2109 748 2169 Hanc
770 2115 1289 2176 consvetudinem
1308 2119 1656 2193 Lycurgus
1676 2138 1708 2172 a
1747 2116 1970 2173 stlitwe

233 2196 528 2258 didicisse
576 2197 817 2260 fertur:
874 2216 936 2262 et
976 2202 1116 2265 ideo
1159 2203 1281 2286 jam
1335 2207 1565 2263 Livias
1619 2202 1973 2286 prudenter

232 2285 444 2346 dixit:
496 2284 612 2346 hoc
650 2291 698 2348 si
746 2313 969 2351 verum
1008 2309 1131 2371 est3
1167 2295 1358 2376 longe
1383 2294 1576 2352 alium
1614 2295 1678 2353 in
1721 2291 1972 2352 inferno

232 2376 592 2460 promeruit
616 2378 846 2442 locum.
867 2417 953 2428 —
975 2384 1176 2467 Magis
1191 2383 1465 2445 ostendit
1492 2386 1843 2462 Lycurgus
1868 2403 1974 2441 su-

229 2489 330 2525 am
370 2466 776 2549 prudentiam
834 2473 896 2530 in
937 2495 1049 2534 eo:
1100 2473 1273 2558 quod
1297 2496 1514 2535 severe
1555 2469 1970 2556 prohibuerit

232 2555 440 2640 proles
460 2580 576 2641 per
604 2573 853 2621 exteros
877 2561 1161 2641 educari3
1205 2567 1354 2647 quia
1395 2563 1668 2649 putabat
1717 2562 1973 2646 Sparta-

235 2667 388 2704 num
426 2669 555 2707 non
577 2649 693 2708 nisi
716 2672 750 2708 a
775 2651 1084 2735 Spartano
1105 2652 1359 2715 educari
1380 2674 1591 2738 posse:
1641 2650 1782 2713 ideo
1805 2673 1964 2734 pue·-

231 2756 335 2794 ros
385 2759 418 2793 a
460 2740 725 2820 septimo
759 2744 978 2802 aetatis
1018 2766 1183 2804 anno
1217 2744 1333 2803 sub
1373 2766 1526 2803 cura
1555 2743 1959 2824 Magistratus

232 2826 294 2882 in
331 2827 767 2890 contuberniis
797 2831 1050 2892 educari
1090 2836 1444 2919 praecepit3
1467 2854 1745 2917 quorum
1782 2831 1961 2889 insti-

305 2998 363 3062 α)
406 2999 638 3050 Pausan.
680 2997 742 3050 L.
781 2996 831 3050 3.
872 3018 924 3054 e.
967 2996 1054 3053 20.
1087 2996 1142 3071 b)
1179 3002 1408 3054 Pausan.
1447 2999 1512 3056 L.
1549 2996 1601 3051 3.
1656 3018 1701 3051 c.
1743 2992 1827 3050 26.
1870 3007 1960 3049 at-

395 3087 499 3138 que
531 3087 599 3120 ex
631 3069 1081 3147 taliGeiitilisino
1114 3071 1374 3125 videntur
1425 3071 1579 3125 Sacri
1599 3069 1740 3124 ritus
1780 3069 1958 3140 origi-

397 3157 522 3192 nem
564 3157 843 3199 summisso,
