2048 3786
296 130 376 190 60
856 133 1271 190 Historia

206 311 603 374 vocabantur
646 312 738 373 illi
773 311 997 374 Judaei
1018 359 1034 387 ,
1082 314 1194 395 qui
1226 333 1341 396 per
1380 309 1712 374 Graeciam
1739 329 1926 376 erant

205 400 490 487 di'spersi3
537 406 730 487 quive
761 405 827 462 in
852 405 975 463 suis
997 402 1341 489 Synagogis
1359 400 1568 484 legere
1585 424 1929 464 consveve-

206 506 361 552 runt
393 496 747 554 versionem
786 491 1132 569 Graecam3
1179 490 1257 552 de
1295 506 1510 552 cetero
1566 504 1775 552 autem
1847 494 1930 553 ab

204 580 340 641 aliis
379 581 629 643 Judaeis
674 579 833 640 nihil
872 580 1310 658 discedebant3
1358 582 1546 640 invisi
1590 595 1797 642 tamen
1843 583 1922 640 ab

204 669 456 732 Judaeis
491 694 620 733 esse
652 685 1002 754 coeperunt
1018 669 1098 729 ab
1131 693 1206 731 eo
1240 685 1559 753 tempore,
1607 693 1737 754 quo
1767 694 1815 728 a.
1836 671 1925 731 Μ.

130 808 137 812 -
207 761 398 821 5852.
471 764 699 840 Οηίαε,
762 758 1082 821 Pontificis
1151 763 1352 819 Ouiae
1410 756 1607 836 filius,
1680 758 1930 818 indultu

203 851 548 909 Ptolemaei
629 852 1076 910 Philometoris
1186 848 1523 932 Templum
1605 848 1928 933 Heliopoli

205 938 271 997 in
300 937 591 1024 Aegypto
634 939 714 1000 ad
764 938 1038 1000 formam
1084 937 1646 1020 Hierosolymitani
1684 951 1934 999 exstru-

201 1029 313 1087 xit.
378 1030 444 1108 α)
492 1028 677 1102 Quod
718 1032 918 1088 Ouiae
945 1027 1254 1112 templum
1276 1041 1590 1104 vocatum,
1633 1025 1931 1109 usquead

200 1130 489 1201 tempora
540 1121 925 1194 Vespasiani
973 1117 1249 1180 duravit.
1307 1117 1395 1176 Hi
1442 1120 1657 1200 itaque
1690 1117 1932 1177 Haere—

200 1207 308 1265 tici
347 1221 492 1266 sunt
524 1209 861 1267 existimati
909 1208 989 1267 ab
1021 1207 1156 1266 aliis
1177 1205 1487 1268 Hebraeis
1512 1206 1921 1267 Palaestinam

204 1294 659 1371 incolentibus,
710 1295 852 1356 ideo
876 1320 889 1354 ε
939 1298 1087 1380 quia
1111 1293 1174 1354 hi
1203 1293 1547 1356 credebant
1569 1318 1692 1356 non
1716 1296 1834 1354 nisi
1864 1297 1929 1353 in

205 1383 342 1444 solo
389 1384 971 1467 Hierosolymitano
1003 1382 1238 1469 templo
1256 1385 1460 1444 Deum
1484 1387 1608 1444 rite
1631 1406 1809 1467 posse
1826 1406 1934 1443 co—

196 1471 260 1532 li.
308 1474 606 1536 Ceterum
654 1472 970 1536 habebant
998 1474 1384 1535 Hellenistae
1420 1496 1557 1535 suas
1587 1474 1928 1556 Sinagogas

200 1564 390 1625 etiam
432 1566 498 1625 in
544 1563 813 1640 Judaea‚
862 1568 989 1625 imo
1032 1579 1096 1626 et
1135 1563 1613 1646 Hierosolymis.
1686 1563 1931 1623 Verum

201 1675 281 1714 ex
317 1652 435 1712 alia
475 1669 654 1738 parte
687 1658 849 1715 mire
887 1657 1094 1715 crevit
1122 1653 1401 1716 Ecclesia
1424 1655 1461 1712 J
1466 1653 1686 1713 udaica
1728 1674 1930 1713 acces-

200 1745 374 1803 sione
415 1745 924 1821 Ρνοεεζγίονιινη,
971 1765 1247 1828 quorum
1265 1742 1449 1803 multi
1488 1744 1930 1804 Circumcisio-

200 1855 346 1892 nem
386 1855 531 1894 cum
575 1833 714 1894 aliis
758 1832 1018 1917 judaicis
1063 1834 1425 1894 cerimoniis
1465 1833 1888 1894 observarunt
1912 1878 1929 1906 ,

203 1936 264 1982 et
306 1918 370 1980 hi
410 1923 801 1983 vocabantur
842 1926 1164 2001 Prosehfti
1200 1925 1528 1998 Jmstitiae,
1576 1922 1682 1982 alii
1715 1935 1927 1980 autem

201 2012 403 2072 Deum
452 2011 892 2074 Hebraeorum
938 2013 1175 2096 absque
1195 2002 1563 2073 cerimoniis
1600 2011 1924 2086 colebant,

204 2114 268 2162 et
308 2101 374 2161 hi
416 2100 789 2163 dicebantur
827 2104 1148 2180 Proseiyti
1176 2104 1430 2160 Portae.
1458 2138 1544 2146 -—-
1571 2103 1609 2161 J
1613 2100 1792 2161 udaei
1814 2123 1925 2160 au-

201 2205 329 2251 iem
365 2193 429 2249 in
476 2203 630 2251 vero
668 2194 782 2253 Dei
823 2192 995 2252 cultu
1035 2194 1436 2276 persistentes
1470 2192 1668 2253 libros
1704 2191 1926 2250 Sacros

199 2302 391 2364 opera
438 2283 831 2365 potissimum
870 2286 1118 2340 Esclrcze
1134 2281 1474 2343 sacerdotis
1508 2281 1922 2364 collegerunt,

201 2384 266 2430 et
313 2372 713 2457 incorruptos
760 2386 1233 2448 conservante3‚
1273 2374 1339 2430 in
1379 2372 1694 2433 Graecum
1726 2371 1918 2431 etiam

199 2482 555 2521 sermonem
591 2484 707 2544 per
748 2466 780 2521 7
791 2466 845 2522 O.
870 2463 1258 2545 Interpretes
1282 2463 1524 2523 sincere
1569 2471 1920 2524 verterunt.

202 2548 327 2610 Sed
373 2554 716 2611 successive
749 2553 939 2612 etiam
962 2551 1193 2630 ‘Judaei
1235 2549 1631 2613 diversarum
1653 2552 1925 2613 cerimo-

198 2641 450 2698 niarum
483 2639 741 2701 studiosi
765 2688 781 2716 ⁷
829 2644 1242 2724 praecipuum
1262 2640 1742 2703 fundamentum
1778 2659 1922 2699 suae

197 2728 519 2811 religionis
566 2728 644 2791 de
679 2746 950 2791 venturo
994 2734 1238 2789 Messia
1282 2745 1711 2816 corruperunt
1736 2778 1751 2807 ⁷
1787 2731 1894 2788 cre

194 2817 409 2880 dentes
453 2821 754 2880 Messinm
803 2835 1123 2905 potentem
1157 2821 1397 2905 Regem
1430 2820 1749 2897 futurum,
1810 2817 1921 2903 qui

269 3082 326 3144 a)
370 3079 516 3132 idem
558 3080 746 3151 Antiq.
779 3078 902 3132 Jud.
947 3080 1009 3133 L.
1050 3077 1134 3136 13.
1169 3099 1213 3133 c-
1238 3077 1287 3133 3.
1321 3081 1368 3151 ς.
1409 3079 1457 3137 1.
