<?xml version="1.0" encoding="UTF-8"?>
<!DOCTYPE html PUBLIC "-//W3C//DTD XHTML 1.0 Transitional//EN"
    "http://www.w3.org/TR/xhtml1/DTD/xhtml1-transitional.dtd">
<html xmlns="http://www.w3.org/1999/xhtml" xml:lang="en" lang="en">
 <head>
  <title>
</title>
<meta http-equiv="Content-Type" content="text/html;charset=utf-8" />
  <meta name='ocr-system' content='tesseract 3.04.00' />
  <meta name='ocr-capabilities' content='ocr_page ocr_carea ocr_par ocr_line ocrx_word'/>
</head>
<body>
  <div class='ocr_page' id='page_1' title='image "./historiauniversa01nagy_0407.png"; bbox 0 0 2048 3786; ppageno 0'>
   <div class='ocr_carea' id='block_1_1' title="bbox 561 214 1689 290">
    <p class='ocr_par' dir='ltr' id='par_1_1' title="bbox 561 214 1689 290">
     <span class='ocr_line' id='line_1_1' title="bbox 561 214 1689 290; baseline 0.01 -21"><span class='ocrx_word' id='word_1_1' title='bbox 561 214 824 290; x_wconf 81' lang='lat' dir='ltr'><em>Regni</em></span> <span class='ocrx_word' id='word_1_2' title='bbox 904 216 1300 273; x_wconf 80' lang='lat' dir='ltr'><strong>Asiatici.</strong></span> <span class='ocrx_word' id='word_1_3' title='bbox 1572 220 1689 279; x_wconf 84' lang='grc'><strong>561</strong></span> 
     </span>
    </p>
   </div>
   <div class='ocr_carea' id='block_1_2' title="bbox 124 389 1847 2654">
    <p class='ocr_par' dir='ltr' id='par_1_2' title="bbox 124 389 1831 1358">
     <span class='ocr_line' id='line_1_2' title="bbox 124 389 1808 459; baseline 0.002 -6"><span class='ocrx_word' id='word_1_4' title='bbox 124 407 186 453; x_wconf 87' lang='lat' dir='ltr'><strong>et</strong></span> <span class='ocrx_word' id='word_1_5' title='bbox 221 393 431 451; x_wconf 84' lang='lat' dir='ltr'><strong>amicis</strong></span> <span class='ocrx_word' id='word_1_6' title='bbox 462 391 585 451; x_wconf 80' lang='lat' dir='ltr'><strong>suis</strong></span> <span class='ocrx_word' id='word_1_7' title='bbox 623 405 953 451; x_wconf 86' lang='lat' dir='ltr'><strong>venenatas</strong></span> <span class='ocrx_word' id='word_1_8' title='bbox 1001 389 1222 455; x_wconf 87' lang='lat' dir='ltr'><strong>herbas</strong></span> <span class='ocrx_word' id='word_1_9' title='bbox 1266 396 1514 457; x_wconf 82' lang='lat' dir='ltr'><strong>mittere</strong></span> <span class='ocrx_word' id='word_1_10' title='bbox 1555 398 1808 459; x_wconf 82' lang='lat' dir='ltr'><strong>solebat.</strong></span> 
     </span>
     <span class='ocr_line' id='line_1_3' title="bbox 126 477 1817 566; baseline 0.004 -26"><span class='ocrx_word' id='word_1_11' title='bbox 126 478 404 540; x_wconf 81' lang='lat' dir='ltr'>Tandem</span> <span class='ocrx_word' id='word_1_12' title='bbox 443 480 785 538; x_wconf 88' lang='lat' dir='ltr'><strong>moriturus</strong></span> <span class='ocrx_word' id='word_1_13' title='bbox 811 525 825 554; x_wconf 98' lang='lat'><strong>,</strong></span> <span class='ocrx_word' id='word_1_14' title='bbox 888 480 954 559; x_wconf 80' lang='lat' dir='ltr'><strong>a)</strong></span> <span class='ocrx_word' id='word_1_15' title='bbox 1001 477 1294 557; x_wconf 81' lang='lat' dir='ltr'><strong>heredem</strong></span> <span class='ocrx_word' id='word_1_16' title='bbox 1331 484 1638 566; x_wconf 89' lang='lat' dir='ltr'>Populum</span> <span class='ocrx_word' id='word_1_17' title='bbox 1687 489 1817 545; x_wconf 87' lang='lat' dir='ltr'><strong>Ro—</strong></span> 
     </span>
     <span class='ocr_line' id='line_1_4' title="bbox 126 565 1820 651; baseline 0.001 -24"><span class='ocrx_word' id='word_1_18' title='bbox 126 590 376 627; x_wconf 85' lang='lat' dir='ltr'><strong>manum</strong></span> <span class='ocrx_word' id='word_1_19' title='bbox 402 567 683 626; x_wconf 83' lang='lat' dir='ltr'><strong>instituit.</strong></span> <span class='ocrx_word' id='word_1_20' title='bbox 735 565 917 638; x_wconf 87' lang='lat' dir='ltr'><strong>Quod</strong></span> <span class='ocrx_word' id='word_1_21' title='bbox 955 580 1160 628; x_wconf 87' lang='lat' dir='ltr'><strong>tamen</strong></span> <span class='ocrx_word' id='word_1_22' title='bbox 1189 591 1455 651; x_wconf 84' lang='lat' dir='ltr'><strong>regnum</strong></span> <span class='ocrx_word' id='word_1_23' title='bbox 1488 573 1820 631; x_wconf 74' lang='lat' dir='ltr'><strong>Aristoni—</strong></span> 
     </span>
     <span class='ocr_line' id='line_1_5' title="bbox 126 653 1821 737; baseline 0.001 -22"><span class='ocrx_word' id='word_1_24' title='bbox 126 655 268 730; x_wconf 63' lang='grc' dir='ltr'><em>(ἕως,</em></span> <span class='ocrx_word' id='word_1_25' title='bbox 313 656 611 712; x_wconf 76' lang='lat' dir='ltr'><strong>Eumenis</strong></span> <span class='ocrx_word' id='word_1_26' title='bbox 666 675 748 715; x_wconf 77' lang='lat' dir='ltr'><strong>ex</strong></span> <span class='ocrx_word' id='word_1_27' title='bbox 806 653 1027 737; x_wconf 82' lang='lat' dir='ltr'>pellice</span> <span class='ocrx_word' id='word_1_28' title='bbox 1079 654 1239 716; x_wconf 87' lang='lat' dir='ltr'><strong>filius</strong></span> <span class='ocrx_word' id='word_1_29' title='bbox 1293 659 1547 735; x_wconf 67' lang='lat' dir='ltr'><strong>invasit,</strong></span> <span class='ocrx_word' id='word_1_30' title='bbox 1604 675 1821 719; x_wconf 80' lang='lat' dir='ltr'><strong>contra</strong></span> 
     </span>
     <span class='ocr_line' id='line_1_6' title="bbox 129 741 1823 826; baseline 0.002 -23"><span class='ocrx_word' id='word_1_31' title='bbox 129 766 318 826; x_wconf 85' lang='lat' dir='ltr'><strong>quem</strong></span> <span class='ocrx_word' id='word_1_32' title='bbox 365 745 653 802; x_wconf 78' lang='lat' dir='ltr'><strong>Licinias</strong></span> <span class='ocrx_word' id='word_1_33' title='bbox 708 744 973 801; x_wconf 73' lang='lat' dir='ltr'><strong>Crassus</strong></span> <span class='ocrx_word' id='word_1_34' title='bbox 1012 741 1176 802; x_wconf 90' lang='lat' dir='ltr'><strong>haud</strong></span> <span class='ocrx_word' id='word_1_35' title='bbox 1210 743 1377 805; x_wconf 90' lang='lat' dir='ltr'><strong>felici</strong></span> <span class='ocrx_word' id='word_1_36' title='bbox 1396 767 1693 822; x_wconf 78' lang='lat' dir='ltr'><strong>succeSSU,</strong></span> <span class='ocrx_word' id='word_1_37' title='bbox 1735 745 1823 807; x_wconf 87' lang='lat' dir='ltr'><strong>fe—</strong></span> 
     </span>
     <span class='ocr_line' id='line_1_7' title="bbox 127 832 1824 917; baseline 0.001 -25"><span class='ocrx_word' id='word_1_38' title='bbox 127 832 307 892; x_wconf 87' lang='lat' dir='ltr'><strong>licius</strong></span> <span class='ocrx_word' id='word_1_39' title='bbox 357 844 567 892; x_wconf 90' lang='lat' dir='ltr'><strong>autem</strong></span> <span class='ocrx_word' id='word_1_40' title='bbox 616 832 943 907; x_wconf 76' lang='lat' dir='ltr'><strong>Perpenna</strong></span> <span class='ocrx_word' id='word_1_41' title='bbox 999 836 1341 914; x_wconf 83' lang='lat' dir='ltr'><strong>pugnavit,</strong></span> <span class='ocrx_word' id='word_1_42' title='bbox 1410 834 1470 914; x_wconf 81' lang='lat' dir='ltr'><strong>b)</strong></span> <span class='ocrx_word' id='word_1_43' title='bbox 1509 848 1570 894; x_wconf 93' lang='lat' dir='ltr'><strong>et</strong></span> <span class='ocrx_word' id='word_1_44' title='bbox 1627 857 1824 917; x_wconf 83' lang='lat' dir='ltr'><strong>quum</strong></span> 
     </span>
     <span class='ocr_line' id='line_1_8' title="bbox 129 917 1825 1002; baseline 0.002 -24"><span class='ocrx_word' id='word_1_45' title='bbox 129 923 422 998; x_wconf 77' lang='lat' dir='ltr'><strong>Aquilius</strong></span> <span class='ocrx_word' id='word_1_46' title='bbox 469 917 705 979; x_wconf 87' lang='lat' dir='ltr'><strong>bellum</strong></span> <span class='ocrx_word' id='word_1_47' title='bbox 745 921 992 1002; x_wconf 90' lang='lat' dir='ltr'><strong>penitus</strong></span> <span class='ocrx_word' id='word_1_48' title='bbox 1021 919 1402 997; x_wconf 80' lang='lat' dir='ltr'><strong>confecisset,</strong></span> <span class='ocrx_word' id='word_1_49' title='bbox 1448 922 1665 981; x_wconf 79' lang='lat' dir='ltr'><strong>Attali</strong></span> <span class='ocrx_word' id='word_1_50' title='bbox 1699 924 1825 982; x_wconf 84' lang='lat' dir='ltr'><strong>Re-</strong></span> 
     </span>
     <span class='ocr_line' id='line_1_9' title="bbox 133 1008 1826 1092; baseline 0.001 -25"><span class='ocrx_word' id='word_1_51' title='bbox 133 1011 224 1092; x_wconf 75' lang='lat' dir='ltr'><strong>gis</strong></span> <span class='ocrx_word' id='word_1_52' title='bbox 254 1030 352 1069; x_wconf 90' lang='lat' dir='ltr'><strong>res</strong></span> <span class='ocrx_word' id='word_1_53' title='bbox 391 1029 605 1068; x_wconf 89' lang='lat' dir='ltr'><strong>omnes</strong></span> <span class='ocrx_word' id='word_1_54' title='bbox 622 1008 893 1071; x_wconf 41' lang='lat' dir='ltr'><strong>,navibus</strong></span> <span class='ocrx_word' id='word_1_55' title='bbox 915 1008 1266 1092; x_wconf 80' lang='lat' dir='ltr'><strong>impositae,</strong></span> <span class='ocrx_word' id='word_1_56' title='bbox 1310 1024 1371 1070; x_wconf 87' lang='lat' dir='ltr'><strong>et</strong></span> <span class='ocrx_word' id='word_1_57' title='bbox 1405 1010 1668 1070; x_wconf 81' lang='lat' dir='ltr'><strong>Romam</strong></span> <span class='ocrx_word' id='word_1_58' title='bbox 1717 1009 1826 1068; x_wconf 87' lang='lat' dir='ltr'><strong>ab-</strong></span> 
     </span>
     <span class='ocr_line' id='line_1_10' title="bbox 133 1095 1830 1181; baseline -0.001 -25"><span class='ocrx_word' id='word_1_59' title='bbox 133 1097 353 1158; x_wconf 84' lang='lat' dir='ltr'><strong>ductae</strong></span> <span class='ocrx_word' id='word_1_60' title='bbox 388 1111 571 1173; x_wconf 69' lang='lat' dir='ltr'><strong>sunt,</strong></span> <span class='ocrx_word' id='word_1_61' title='bbox 611 1098 824 1179; x_wconf 90' lang='lat' dir='ltr'><strong>sicque</strong></span> <span class='ocrx_word' id='word_1_62' title='bbox 856 1095 1041 1156; x_wconf 89' lang='lat' dir='ltr'><strong>Asiae</strong></span> <span class='ocrx_word' id='word_1_63' title='bbox 1084 1120 1226 1181; x_wconf 89' lang='lat' dir='ltr'><strong>pars</strong></span> <span class='ocrx_word' id='word_1_64' title='bbox 1273 1100 1704 1158; x_wconf 83' lang='lat' dir='ltr'><strong>Romanorum</strong></span> <span class='ocrx_word' id='word_1_65' title='bbox 1736 1098 1830 1156; x_wconf 84' lang='lat' dir='ltr'><strong>fa-</strong></span> 
     </span>
     <span class='ocr_line' id='line_1_11' title="bbox 130 1184 1831 1271; baseline 0.001 -27"><span class='ocrx_word' id='word_1_66' title='bbox 130 1199 234 1244; x_wconf 84' lang='lat' dir='ltr'><strong>cta</strong></span> <span class='ocrx_word' id='word_1_67' title='bbox 252 1231 268 1261; x_wconf 98' lang='lat'><strong>,</strong></span> <span class='ocrx_word' id='word_1_68' title='bbox 295 1207 438 1245; x_wconf 91' lang='lat' dir='ltr'><strong>cum</strong></span> <span class='ocrx_word' id='word_1_69' title='bbox 477 1184 703 1271; x_wconf 88' lang='lat' dir='ltr'><strong>opibus</strong></span> <span class='ocrx_word' id='word_1_70' title='bbox 725 1187 911 1246; x_wconf 86' lang='lat' dir='ltr'><strong>etiam</strong></span> <span class='ocrx_word' id='word_1_71' title='bbox 938 1187 1090 1245; x_wconf 80' lang='lat' dir='ltr'><strong>vitia</strong></span> <span class='ocrx_word' id='word_1_72' title='bbox 1114 1188 1179 1246; x_wconf 90' lang='lat' dir='ltr'><strong>in</strong></span> <span class='ocrx_word' id='word_1_73' title='bbox 1199 1185 1585 1248; x_wconf 87' lang='lat' dir='ltr'><strong>occidentem</strong></span> <span class='ocrx_word' id='word_1_74' title='bbox 1629 1201 1831 1247; x_wconf 86' lang='lat' dir='ltr'><strong>trans-</strong></span> 
     </span>
     <span class='ocr_line' id='line_1_12' title="bbox 135 1289 358 1358; baseline 0.004 -27"><span class='ocrx_word' id='word_1_75' title='bbox 135 1289 358 1358; x_wconf 77' lang='lat' dir='ltr'><strong>posuit.</strong></span> 
     </span>
    </p>

    <p class='ocr_par' dir='ltr' id='par_1_3' title="bbox 139 1361 1847 2600">
     <span class='ocr_line' id='line_1_13' title="bbox 295 1361 1830 1431; baseline -0.001 -9"><span class='ocrx_word' id='word_1_76' title='bbox 295 1363 660 1424; x_wconf 88' lang='lat' dir='ltr'>REGNUM</span> <span class='ocrx_word' id='word_1_77' title='bbox 703 1362 1144 1425; x_wconf 84' lang='lat' dir='ltr'>PONTICUM</span> <span class='ocrx_word' id='word_1_78' title='bbox 1171 1364 1235 1423; x_wconf 93' lang='lat' dir='ltr'><strong>in</strong></span> <span class='ocrx_word' id='word_1_79' title='bbox 1259 1361 1406 1422; x_wconf 87' lang='lat' dir='ltr'><strong>Asia</strong></span> <span class='ocrx_word' id='word_1_80' title='bbox 1441 1361 1830 1431; x_wconf 84' lang='lat' dir='ltr'><strong>latissimum,</strong></span> 
     </span>
     <span class='ocr_line' id='line_1_14' title="bbox 139 1447 1833 1528; baseline -0.001 -18"><span class='ocrx_word' id='word_1_81' title='bbox 139 1468 188 1510; x_wconf 84' lang='lat' dir='ltr'><strong>a‘</strong></span> <span class='ocrx_word' id='word_1_82' title='bbox 224 1454 612 1511; x_wconf 74' lang='lat' dir='ltr'><strong>Mithridate</strong></span> <span class='ocrx_word' id='word_1_83' title='bbox 649 1453 909 1513; x_wconf 88' lang='lat' dir='ltr'><strong>Pontico</strong></span> <span class='ocrx_word' id='word_1_84' title='bbox 944 1455 1388 1528; x_wconf 74' lang='lat' dir='ltr'><strong>constitutum,</strong></span> <span class='ocrx_word' id='word_1_85' title='bbox 1424 1447 1540 1510; x_wconf 89' lang='lat' dir='ltr'><strong>hoc</strong></span> <span class='ocrx_word' id='word_1_86' title='bbox 1580 1451 1833 1509; x_wconf 89' lang='lat' dir='ltr'><strong>nomine</strong></span> 
     </span>
     <span class='ocr_line' id='line_1_15' title="bbox 141 1539 1835 1624; baseline -0.004 -25"><span class='ocrx_word' id='word_1_87' title='bbox 141 1543 438 1624; x_wconf 87' lang='lat' dir='ltr'><strong>septimus</strong></span> <span class='ocrx_word' id='word_1_88' title='bbox 476 1564 554 1602; x_wconf 86' lang='lat' dir='ltr'><strong>ex</strong></span> <span class='ocrx_word' id='word_1_89' title='bbox 575 1539 808 1600; x_wconf 81' lang='lat' dir='ltr'><strong>familia</strong></span> <span class='ocrx_word' id='word_1_90' title='bbox 842 1542 1399 1614; x_wconf 76' lang='lat' dir='ltr'><strong>Achaemidarum,</strong></span> <span class='ocrx_word' id='word_1_91' title='bbox 1446 1540 1652 1598; x_wconf 82' lang='lat' dir='ltr'><strong>Darii</strong></span> <span class='ocrx_word' id='word_1_92' title='bbox 1682 1540 1835 1613; x_wconf 69' lang='lat' dir='ltr'><strong>Hy-</strong></span> 
     </span>
     <span class='ocr_line' id='line_1_16' title="bbox 140 1627 1834 1713; baseline -0.002 -27"><span class='ocrx_word' id='word_1_93' title='bbox 140 1633 344 1713; x_wconf 70' lang='lat' dir='ltr'><strong>stapis</strong></span> <span class='ocrx_word' id='word_1_94' title='bbox 389 1644 672 1712; x_wconf 84' lang='lat' dir='ltr'><strong>tempore</strong></span> <span class='ocrx_word' id='word_1_95' title='bbox 719 1631 783 1688; x_wconf 90' lang='lat' dir='ltr'><strong>in</strong></span> <span class='ocrx_word' id='word_1_96' title='bbox 812 1631 1012 1689; x_wconf 90' lang='lat' dir='ltr'><strong>Ponto</strong></span> <span class='ocrx_word' id='word_1_97' title='bbox 1054 1630 1485 1711; x_wconf 82' lang='lat' dir='ltr'><strong>regnantium3</strong></span> <span class='ocrx_word' id='word_1_98' title='bbox 1522 1627 1834 1707; x_wconf 80' lang='lat' dir='ltr'><strong>originem</strong></span> 
     </span>
     <span class='ocr_line' id='line_1_17' title="bbox 144 1713 1838 1800; baseline -0.004 -23"><span class='ocrx_word' id='word_1_99' title='bbox 144 1713 340 1777; x_wconf 78' lang='lat' dir='ltr'><strong>duxit.</strong></span> <span class='ocrx_word' id='word_1_100' title='bbox 393 1720 596 1779; x_wconf 87' lang='lat' dir='ltr'><strong>Porro</strong></span> <span class='ocrx_word' id='word_1_101' title='bbox 656 1740 868 1778; x_wconf 89' lang='lat' dir='ltr'><strong>omnes</strong></span> <span class='ocrx_word' id='word_1_102' title='bbox 910 1718 1091 1777; x_wconf 88' lang='lat' dir='ltr'><strong>Ponti</strong></span> <span class='ocrx_word' id='word_1_103' title='bbox 1139 1738 1315 1800; x_wconf 79' lang='lat' dir='ltr'><strong>reges</strong></span> <span class='ocrx_word' id='word_1_104' title='bbox 1360 1716 1675 1776; x_wconf 89' lang='lat' dir='ltr'><strong>communi</strong></span> <span class='ocrx_word' id='word_1_105' title='bbox 1721 1734 1838 1771; x_wconf 90' lang='lat' dir='ltr'><strong>no-</strong></span> 
     </span>
     <span class='ocr_line' id='line_1_18' title="bbox 144 1804 1837 1867; baseline -0.005 -1"><span class='ocrx_word' id='word_1_106' title='bbox 144 1809 312 1866; x_wconf 89' lang='lat' dir='ltr'><strong>mine</strong></span> <span class='ocrx_word' id='word_1_107' title='bbox 357 1808 772 1866; x_wconf 70' lang='lat' dir='ltr'><strong>Mtkridates</strong></span> <span class='ocrx_word' id='word_1_108' title='bbox 805 1806 1205 1867; x_wconf 85' lang='lat' dir='ltr'><strong>vocabantur.</strong></span> <span class='ocrx_word' id='word_1_109' title='bbox 1279 1805 1545 1863; x_wconf 87' lang='lat' dir='ltr'><strong>Ultimus</strong></span> <span class='ocrx_word' id='word_1_110' title='bbox 1571 1804 1837 1860; x_wconf 72' lang='lat' dir='ltr'><strong>Mithri-</strong></span> 
     </span>
     <span class='ocr_line' id='line_1_19' title="bbox 143 1887 1834 1977; baseline -0.004 -23"><span class='ocrx_word' id='word_1_111' title='bbox 143 1900 323 1954; x_wconf 80' lang='lat' dir='ltr'><strong>dates</strong></span> <span class='ocrx_word' id='word_1_112' title='bbox 369 1899 535 1955; x_wconf 87' lang='lat' dir='ltr'><strong>circa</strong></span> <span class='ocrx_word' id='word_1_113' title='bbox 572 1920 622 1955; x_wconf 90' lang='lat' dir='ltr'><strong>a.</strong></span> <span class='ocrx_word' id='word_1_114' title='bbox 659 1896 744 1955; x_wconf 89' lang='lat' dir='ltr'><strong>M.</strong></span> <span class='ocrx_word' id='word_1_115' title='bbox 797 1896 984 1961; x_wconf 81' lang='lat'><strong>5860.</strong></span> <span class='ocrx_word' id='word_1_116' title='bbox 1024 1918 1059 1953; x_wconf 82' lang='lat' dir='ltr'><strong>a</strong></span> <span class='ocrx_word' id='word_1_117' title='bbox 1118 1893 1451 1977; x_wconf 85' lang='lat' dir='ltr'><strong>praeclaris</strong></span> <span class='ocrx_word' id='word_1_118' title='bbox 1497 1890 1672 1950; x_wconf 86' lang='lat' dir='ltr'><strong>factis</strong></span> <span class='ocrx_word' id='word_1_119' title='bbox 1715 1887 1834 1970; x_wconf 82' lang='lat' dir='ltr'><strong>jam</strong></span> 
     </span>
     <span class='ocr_line' id='line_1_20' title="bbox 145 1977 1845 2065; baseline -0.003 -24"><span class='ocrx_word' id='word_1_120' title='bbox 145 1987 210 2041; x_wconf 89' lang='lat' dir='ltr'><strong>in</strong></span> <span class='ocrx_word' id='word_1_121' title='bbox 249 2006 356 2044; x_wconf 85' lang='lat' dir='ltr'><strong>sua</strong></span> <span class='ocrx_word' id='word_1_122' title='bbox 381 1983 706 2065; x_wconf 88' lang='lat' dir='ltr'><strong>juventute</strong></span> <span class='ocrx_word' id='word_1_123' title='bbox 736 1982 1010 2058; x_wconf 82' lang='lat' dir='ltr'><strong>illustriS,</strong></span> <span class='ocrx_word' id='word_1_124' title='bbox 1045 1996 1186 2065; x_wconf 88' lang='lat' dir='ltr'><strong>post</strong></span> <span class='ocrx_word' id='word_1_125' title='bbox 1204 1983 1536 2040; x_wconf 84' lang='lat' dir='ltr'><strong>victoriam</strong></span> <span class='ocrx_word' id='word_1_126' title='bbox 1572 1977 1649 2038; x_wconf 92' lang='lat' dir='ltr'><strong>de</strong></span> <span class='ocrx_word' id='word_1_127' title='bbox 1688 1979 1845 2060; x_wconf 89' lang='lat' dir='ltr'><strong>Scy-</strong></span> 
     </span>
     <span class='ocr_line' id='line_1_21' title="bbox 143 2067 1845 2150; baseline -0.004 -20"><span class='ocrx_word' id='word_1_128' title='bbox 143 2068 264 2131; x_wconf 76' lang='lat' dir='ltr'><strong>this</strong></span> <span class='ocrx_word' id='word_1_129' title='bbox 300 2072 556 2133; x_wconf 85' lang='lat' dir='ltr'><strong>relatam</strong></span> <span class='ocrx_word' id='word_1_130' title='bbox 589 2075 926 2146; x_wconf 79' lang='lat' dir='ltr'><strong>animatuS,</strong></span> <span class='ocrx_word' id='word_1_131' title='bbox 995 2073 1179 2131; x_wconf 83' lang='lat' dir='ltr'><strong>etiam</strong></span> <span class='ocrx_word' id='word_1_132' title='bbox 1219 2068 1295 2130; x_wconf 87' lang='lat' dir='ltr'><strong>de</strong></span> <span class='ocrx_word' id='word_1_133' title='bbox 1334 2082 1462 2130; x_wconf 88' lang='lat' dir='ltr'><strong>tota</strong></span> <span class='ocrx_word' id='word_1_134' title='bbox 1501 2067 1649 2127; x_wconf 87' lang='lat' dir='ltr'><strong>Asia</strong></span> <span class='ocrx_word' id='word_1_135' title='bbox 1697 2088 1845 2150; x_wconf 86' lang='lat' dir='ltr'><strong>sup-</strong></span> 
     </span>
     <span class='ocr_line' id='line_1_22' title="bbox 146 2154 1847 2244; baseline -0.002 -27"><span class='ocrx_word' id='word_1_136' title='bbox 146 2160 475 2244; x_wconf 85' lang='lat' dir='ltr'><strong>primenda</strong></span> <span class='ocrx_word' id='word_1_137' title='bbox 525 2161 871 2244; x_wconf 83' lang='lat' dir='ltr'><strong>cogitabat,</strong></span> <span class='ocrx_word' id='word_1_138' title='bbox 928 2159 988 2240; x_wconf 84' lang='lat' dir='ltr'><strong>c)</strong></span> <span class='ocrx_word' id='word_1_139' title='bbox 1044 2157 1362 2242; x_wconf 88' lang='lat' dir='ltr'><strong>pulsisque</strong></span> <span class='ocrx_word' id='word_1_140' title='bbox 1395 2154 1724 2239; x_wconf 80' lang='lat' dir='ltr'><strong>Bythiniae</strong></span> <span class='ocrx_word' id='word_1_141' title='bbox 1782 2168 1847 2214; x_wconf 87' lang='lat' dir='ltr'><strong>et</strong></span> 
     </span>
     <span class='ocr_line' id='line_1_23' title="bbox 142 2243 1841 2333; baseline -0.002 -27"><span class='ocrx_word' id='word_1_142' title='bbox 142 2249 572 2333; x_wconf 86' lang='lat' dir='ltr'><strong>Cappadociae</strong></span> <span class='ocrx_word' id='word_1_143' title='bbox 607 2249 857 2333; x_wconf 83' lang='lat' dir='ltr'><strong>regibus</strong></span> <span class='ocrx_word' id='word_1_144' title='bbox 873 2273 901 2322; x_wconf 83' lang='lat'><strong>,·</strong></span> <span class='ocrx_word' id='word_1_145' title='bbox 937 2269 1085 2308; x_wconf 84' lang='lat' dir='ltr'><strong>mox</strong></span> <span class='ocrx_word' id='word_1_146' title='bbox 1116 2248 1480 2330; x_wconf 82' lang='lat' dir='ltr'><strong>gravissimo</strong></span> <span class='ocrx_word' id='word_1_147' title='bbox 1507 2267 1616 2305; x_wconf 90' lang='lat' dir='ltr'><strong>suo</strong></span> <span class='ocrx_word' id='word_1_148' title='bbox 1638 2243 1841 2304; x_wconf 83' lang='lat' dir='ltr'><strong>edicto</strong></span> 
     </span>
     <span class='ocr_line' id='line_1_24' title="bbox 151 2331 1846 2423; baseline -0.005 -26"><span class='ocrx_word' id='word_1_149' title='bbox 151 2359 265 2421; x_wconf 90' lang='lat' dir='ltr'><strong>per</strong></span> <span class='ocrx_word' id='word_1_150' title='bbox 298 2338 511 2399; x_wconf 84' lang='lat' dir='ltr'><strong>Asiam</strong></span> <span class='ocrx_word' id='word_1_151' title='bbox 548 2336 978 2423; x_wconf 80' lang='lat' dir='ltr'><strong>promulgate,</strong></span> <span class='ocrx_word' id='word_1_152' title='bbox 1010 2358 1131 2394; x_wconf 88' lang='lat' dir='ltr'><strong>una</strong></span> <span class='ocrx_word' id='word_1_153' title='bbox 1176 2335 1278 2395; x_wconf 84' lang='lat' dir='ltr'><strong>die</strong></span> <span class='ocrx_word' id='word_1_154' title='bbox 1323 2335 1463 2398; x_wconf 85' lang='lat'><strong>250.</strong></span> <span class='ocrx_word' id='word_1_155' title='bbox 1509 2331 1705 2392; x_wconf 86' lang='lat' dir='ltr'><strong>millia</strong></span> <span class='ocrx_word' id='word_1_156' title='bbox 1756 2333 1846 2389; x_wconf 83' lang='lat' dir='ltr'><strong>ci-</strong></span> 
     </span>
     <span class='ocr_line' id='line_1_25' title="bbox 149 2419 1845 2505; baseline -0.002 -22"><span class='ocrx_word' id='word_1_157' title='bbox 149 2428 325 2484; x_wconf 86' lang='lat' dir='ltr'><strong>vium</strong></span> <span class='ocrx_word' id='word_1_158' title='bbox 376 2429 804 2489; x_wconf 86' lang='lat' dir='ltr'><strong>Romanorum</strong></span> <span class='ocrx_word' id='word_1_159' title='bbox 850 2421 1150 2485; x_wconf 88' lang='lat' dir='ltr'><strong>trucidari</strong></span> <span class='ocrx_word' id='word_1_160' title='bbox 1198 2422 1402 2505; x_wconf 81' lang='lat' dir='ltr'><strong>jussit,</strong></span> <span class='ocrx_word' id='word_1_161' title='bbox 1465 2422 1531 2501; x_wconf 81' lang='lat' dir='ltr'><strong>d)</strong></span> <span class='ocrx_word' id='word_1_162' title='bbox 1594 2419 1845 2479; x_wconf 88' lang='lat' dir='ltr'><strong>demum</strong></span> 
     </span>
     <span class='ocr_line' id='line_1_26' title="bbox 152 2508 1847 2600; baseline -0.002 -29"><span class='ocrx_word' id='word_1_163' title='bbox 152 2513 478 2577; x_wconf 84' lang='lat' dir='ltr'><strong>Graeciam</strong></span> <span class='ocrx_word' id='word_1_164' title='bbox 515 2533 830 2600; x_wconf 83' lang='lat' dir='ltr'><strong>aggressus</strong></span> <span class='ocrx_word' id='word_1_165' title='bbox 854 2558 872 2588; x_wconf 95' lang='lat'><strong>,</strong></span> <span class='ocrx_word' id='word_1_166' title='bbox 919 2508 1193 2575; x_wconf 86' lang='lat' dir='ltr'><strong>Athenas</strong></span> <span class='ocrx_word' id='word_1_167' title='bbox 1242 2511 1514 2593; x_wconf 88' lang='lat' dir='ltr'><strong>aliasque</strong></span> <span class='ocrx_word' id='word_1_168' title='bbox 1551 2508 1847 2569; x_wconf 85' lang='lat' dir='ltr'><strong>Graeciae</strong></span> 
     </span>
    </p>

    <p class='ocr_par' dir='ltr' id='par_1_4' title="bbox 1670 2617 1758 2654">
     <span class='ocr_line' id='line_1_27' title="bbox 1670 2617 1758 2654; baseline 0 0"><span class='ocrx_word' id='word_1_169' title='bbox 1670 2617 1758 2654; x_wconf 73' lang='grc' dir='ltr'><strong>οι-</strong></span> 
     </span>
    </p>
   </div>
   <div class='ocr_carea' id='block_1_3' title="bbox 149 2713 201 2725">
    <p class='ocr_par' dir='ltr' id='par_1_5' title="bbox 149 2713 201 2725">
     <span class='ocr_line' id='line_1_28' title="bbox 149 2713 201 2725; baseline -0.038 0"><span class='ocrx_word' id='word_1_170' title='bbox 149 2713 201 2725; x_wconf 69' lang='lat'>—</span> 
     </span>
    </p>
   </div>
   <div class='ocr_carea' id='block_1_4' title="bbox 206 2714 465 2723">
    <p class='ocr_par' dir='ltr' id='par_1_6' title="bbox 206 2714 465 2723">
     <span class='ocr_line' id='line_1_29' title="bbox 206 2714 465 2723; baseline 0 1063"><span class='ocrx_word' id='word_1_171' title='bbox 206 2714 465 2723; x_wconf 95' lang='lat' dir='ltr'><strong> </strong></span> 
     </span>
    </p>
   </div>
   <div class='ocr_carea' id='block_1_5' title="bbox 224 2739 1854 3179">
    <p class='ocr_par' dir='ltr' id='par_1_7' title="bbox 224 2739 1854 3179">
     <span class='ocr_line' id='line_1_30' title="bbox 224 2739 1853 2852; baseline -0.006 -27"><span class='ocrx_word' id='word_1_172' title='bbox 224 2773 287 2845; x_wconf 74' lang='lat' dir='ltr'><strong>a)</strong></span> <span class='ocrx_word' id='word_1_173' title='bbox 326 2739 491 2828; x_wconf 68' lang='lat' dir='ltr'><strong>idem.</strong></span> <span class='ocrx_word' id='word_1_174' title='bbox 529 2772 661 2852; x_wconf 55' lang='grc' dir='ltr'><strong>ἰωὰ.</strong></span> <span class='ocrx_word' id='word_1_175' title='bbox 698 2772 881 2824; x_wconf 65' lang='lat' dir='ltr'><strong>Livius</strong></span> <span class='ocrx_word' id='word_1_176' title='bbox 916 2773 1064 2842; x_wconf 86' lang='lat' dir='ltr'><strong>Epit.</strong></span> <span class='ocrx_word' id='word_1_177' title='bbox 1100 2770 1229 2822; x_wconf 62' lang='lat' dir='ltr'><strong>libri</strong></span> <span class='ocrx_word' id='word_1_178' title='bbox 1270 2767 1353 2848; x_wconf 66' lang='lat'><strong>53.</strong></span> <span class='ocrx_word' id='word_1_179' title='bbox 1381 2767 1573 2821; x_wconf 77' lang='lat' dir='ltr'><strong>Florus</strong></span> <span class='ocrx_word' id='word_1_180' title='bbox 1610 2764 1670 2818; x_wconf 87' lang='lat' dir='ltr'><strong>L.</strong></span> <span class='ocrx_word' id='word_1_181' title='bbox 1694 2763 1763 2843; x_wconf 32' lang='lat'><strong>‚25</strong></span> <span class='ocrx_word' id='word_1_182' title='bbox 1804 2783 1853 2816; x_wconf 63' lang='grc' dir='ltr'><strong>ο.</strong></span> 
     </span>
     <span class='ocr_line' id='line_1_31' title="bbox 314 2835 1854 2968; baseline -0.005 -2"><span class='ocrx_word' id='word_1_183' title='bbox 314 2835 1602 2968; x_wconf 42' lang='lat' dir='ltr'><strong>{9·3}›³.¹‘3.⁵¹&#39;6¹.⁵·1÷¹s&lt;;1·33.‘²153‘353‘&#39;Effltssai’}</strong></span> <span class='ocrx_word' id='word_1_184' title='bbox 1622 2835 1854 2959; x_wconf 43' lang='grc' dir='ltr'><strong>ἕιῖἒῖιῖἶ</strong></span> 
     </span>
     <span class='ocr_line' id='line_1_32' title="bbox 320 2974 1849 3053; baseline -0.008 -17"><span class='ocrx_word' id='word_1_185' title='bbox 320 2984 403 3037; x_wconf 79' lang='grc'><strong>10.</strong></span> <span class='ocrx_word' id='word_1_186' title='bbox 435 2983 631 3035; x_wconf 82' lang='lat' dir='ltr'><strong>Strabo</strong></span> <span class='ocrx_word' id='word_1_187' title='bbox 666 2983 725 3034; x_wconf 91' lang='lat' dir='ltr'><strong>L.</strong></span> <span class='ocrx_word' id='word_1_188' title='bbox 769 2981 849 3036; x_wconf 82' lang='lat'><strong>14.</strong></span> <span class='ocrx_word' id='word_1_189' title='bbox 923 2981 974 3053; x_wconf 86' lang='lat' dir='ltr'><strong>c)</strong></span> <span class='ocrx_word' id='word_1_190' title='bbox 1012 2981 1206 3033; x_wconf 76' lang='lat' dir='ltr'><strong>Justin.</strong></span> <span class='ocrx_word' id='word_1_191' title='bbox 1241 2981 1304 3034; x_wconf 95' lang='lat' dir='ltr'><strong>L.</strong></span> <span class='ocrx_word' id='word_1_192' title='bbox 1335 2978 1418 3031; x_wconf 82' lang='lat'><strong>37.</strong></span> <span class='ocrx_word' id='word_1_193' title='bbox 1461 2998 1506 3031; x_wconf 87' lang='lat' dir='ltr'><strong>c,</strong></span> <span class='ocrx_word' id='word_1_194' title='bbox 1542 2975 1596 3029; x_wconf 83' lang='lat'><strong>3.</strong></span> <span class='ocrx_word' id='word_1_195' title='bbox 1628 2974 1849 3025; x_wconf 82' lang='lat' dir='ltr'><strong>Plutar-</strong></span> 
     </span>
     <span class='ocr_line' id='line_1_33' title="bbox 321 3045 1846 3179; baseline -0.005 -73"><span class='ocrx_word' id='word_1_196' title='bbox 321 3055 455 3179; x_wconf 60' lang='lat' dir='ltr'>{huns</span> <span class='ocrx_word' id='word_1_197' title='bbox 481 3073 541 3178; x_wconf 52' lang='grc' dir='ltr'><strong>ἔτι</strong></span> <span class='ocrx_word' id='word_1_198' title='bbox 574 3054 738 3125; x_wconf 80' lang='lat' dir='ltr'><strong>Sylla.</strong></span> <span class='ocrx_word' id='word_1_199' title='bbox 813 3052 873 3126; x_wconf 82' lang='lat' dir='ltr'><strong>d)</strong></span> <span class='ocrx_word' id='word_1_200' title='bbox 911 3053 1114 3108; x_wconf 76' lang='lat' dir='ltr'><strong>Livius.</strong></span> <span class='ocrx_word' id='word_1_201' title='bbox 1144 3051 1312 3121; x_wconf 85' lang='lat' dir='ltr'><strong>Epist.</strong></span> <span class='ocrx_word' id='word_1_202' title='bbox 1334 3051 1393 3103; x_wconf 89' lang='lat' dir='ltr'><strong>L.</strong></span> <span class='ocrx_word' id='word_1_203' title='bbox 1424 3048 1504 3102; x_wconf 82' lang='grc'><strong>78·</strong></span> <span class='ocrx_word' id='word_1_204' title='bbox 1544 3046 1749 3099; x_wconf 86' lang='lat' dir='ltr'><strong>Florus.</strong></span> <span class='ocrx_word' id='word_1_205' title='bbox 1783 3045 1846 3098; x_wconf 91' lang='lat' dir='ltr'><strong>L.</strong></span> 
     </span>
    </p>
   </div>
  </div>
 </body>
</html>
