2048 3786
379 175 499 233 176
994 180 1406 235 IIistoria

279 366 439 423 cisus
486 375 593 424 est.
653 359 958 421 Similiter
1001 357 1264 443 Scythae
1318 376 1580 422 cruenta
1632 361 1791 423 bella
1839 386 1996 447 qua-

273 474 655 538 quaversum
710 448 1212 512 circumferendo
1239 497 1255 526 ,
1307 454 1493 511 etiam
1516 453 1800 510 Darium
1838 456 1992 530 Hy-

279 557 554 620 staspem
573 563 796 624 magna
823 540 995 601 clade
1035 541 1100 619 cc)
1119 542 1478 601 affecerunt.
1517 539 1641 603 Sed
1685 544 1873 602 etiam
1898 541 1992 600 illi

281 659 331 693 a.
375 634 459 693 Μ.
508 633 697 695 5860.
749 654 783 689 a
827 634 1217 689 fflitlzm'clate
1261 633 1451 690 Ponti
1484 653 1632 714 rege
1665 633 1727 713 b)
1765 654 1994 714 magno

284 722 525 809 praelio
574 722 726 782 victi
766 735 945 798 sunt,
990 735 1185 804 prout
1226 718 1351 803 jam
1386 736 1565 783 antea
1617 744 1651 779 a
1693 722 1994 797 Philippo

284 816 629 872 stffacedone
654 857 669 886 ,
704 811 762 891 c)
796 808 944 870 dein
987 807 1119 894 ejus
1158 807 1288 871 filio
1322 814 1686 870 Alexandro
1735 811 1827 868 M.
1878 811 1994 871 ite-

284 904 438 961 ratis
479 900 769 962 caedibus
800 913 982 960 erant
1025 901 1092 981 d)
1122 898 1396 983 fatigati,
1441 924 1571 962 non
1613 915 1822 967 tamen
1861 900 1996 960 exi-

275 993 565 1052 stentiam
598 1005 661 1051 et
676 991 944 1049 nominis
965 989 1393 1051 celebritatem
1425 993 1808 1066 amiserunt3
1848 1011 1995 1048 nam

271 1080 564 1165 deinceps
602 1081 809 1150 etiam,
841 1077 1025 1161 plane
1070 1081 1189 1160 ipsi
1238 1080 1674 1141 Romanorum
1712 1083 1994 1162 Impera-

273 1186 479 1244 toreS,
549 1167 627 1227 ad
685 1165 1152 1250 infringendam
1207 1166 1587 1250 Scytharum
1642 1171 1994 1254 potentiam

277 1280 520 1320 summo
544 1256 751 1319 studio
787 1255 1230 1335 incubuerunt,
1276 1259 1363 1317 sic
1392 1280 1405 1317 :
1454 1259 1511 1340 e)
1537 1261 1806 1317 Marcus
1830 1260 1991 1334 Imp.

276 1373 327 1408 a.
370 1347 478 1408 Ch.
524 1351 666 1409 180.
708 1368 837 1406 non
873 1345 1210 1407 infeliciter
1253 1360 1474 1406 contra
1498 1369 1603 1408 eos
1644 1345 1997 1432 expeditio—

270 1462 415 1501 nem
439 1439 724 1521 suscepit.
745 1435 1051 1496 Similiter
1082 1439 1372 1496 Licitzias
1416 1440 1805 1497 Valerianus
1838 1439 1994 1519 Imp.

274 1544 343 1588 ut
376 1530 627 1612 imperii
661 1526 893 1586 limites
929 1525 1318 1602 extenderet,
1351 1541 1459 1586 aut
1483 1526 1703 1588 saltem
1741 1547 1996 1588 conser-

279 1632 490 1693 varet,
531 1617 679 1678 licet
717 1614 916 1675 filium
952 1638 1133 1676 suum
1160 1619 1516 1676 Gallienum
1543 1617 1664 1678 sibi
1689 1614 1995 1699 collegam

276 1709 710 1782 constituerit,
761 1704 1069 1789 impedire
1114 1720 1324 1767 tamen
1359 1729 1486 1767 non
1544 1708 1791 1792 potuit,
1840 1707 1999 1789 quin

280 1794 544 1881 Scythae
581 1798 659 1856 ab
707 1819 871 1856 anno
913 1793 1019 1855 Ch.
1087 1797 1230 1857 254.
1270 1812 1545 1880 quatuor
1604 1811 1665 1859 et
1726 1795 1994 1879 amplius

277 1891 455 1947 annis
501 1901 695 1947 totam
738 1886 971 1960 Asiam,
1011 1900 1074 1947 et
1114 1910 1401 1969 magnam
1438 1887 1726 1970 Europae
1751 1899 1999 1968 partem

257 1981 351 2059 s)
373 1991 696 2056 vastarent.
728 1979 894 2049 Quos
918 1974 1165 2036 tandem
1182 1979 1449 2036 Marcus
1478 1978 1788 2036 Aurelius
1813 1977 1998 2033 Taci-

275 2081 380 2125 tus
421 2068 575 2150 Imp.
597 2064 1127 2126 moderatissimus
1152 2067 1217 2124 in
1256 2066 1475 2126 Cilicia
1508 2066 1908 2149 compescuit.
1925 2065 1999 2146 g)

278 2155 332 2215 Il
347 2161 393 2215 is
420 2171 625 2217 tamen
647 2155 937 2216 omnibus
956 2177 1084 2214 non
1104 2155 1517 2231 obstantibus,
1538 2153 1803 2236 Scythae
1821 2153 2001 2214 dein-

280 2269 424 2330 ceps
455 2268 710 2329 quoque
747 2247 1091 2328 imperium
1126 2268 1309 2305 suum
1358 2249 1425 2306 in
1471 2245 1623 2306 Asia
1664 2245 1998 2306 retinuisse

284 2335 618 2409 videntur,
685 2358 829 2393 nam
877 2338 1148 2409 summes
1211 2339 1551 2396 Conmenas
1610 2335 2000 2396 Graecorum

282 2430 434 2510 Imp.
471 2450 519 2484 a.
570 2423 677 2484 Ch.
726 2428 909 2486 1152.
937 2422 1136 2485 adhuc
1173 2425 1372 2485 multa
1412 2425 1617 2489 felicia
1657 2423 1818 2486 bella
1855 2444 1999 2483 cum

1755 2514 1910 2596 Scy-

352 2666 413 2739 a)
450 2666 617 2722 idem.
653 2664 718 2721 L.
753 2664 806 2720 9.
837 2662 893 2736 b)
934 2662 1157 2717 Curtius
1194 2665 1258 2721 L.
1292 2663 1345 2721 8.
1379 2664 1711 2718 Plutarchus
1752 2664 1810 2716 in
1855 2661 1989 2718 Ale-

443 2736 677 2792 xandro.
715 2737 916 2793 Justin.
940 2737 1001 2788 L.
1038 2735 1122 2791 11.
1158 2734 1214 2807 ο)
1237 2735 1566 2807 Xiphllinus
1597 2738 1757 2793 Joan.
1797 2737 1863 2792 L.
1906 2735 1995 2790 71.
2041 2756 2045 2758 “

446 2808 510 2880 d)
542 2809 816 2865 Zosimus.
849 2808 914 2863 L.
939 2806 984 2860 1.
1026 2809 1073 2873 e)
1115 2807 1380 2878 Vopiscus
1403 2808 1458 2858 in
1477 2807 1789 2863 Aurelium.
1829 2828 1875 2864 c.
1898 2805 1993 2865 41.

443 2880 717 2935 Zosimus.
758 2879 821 2935 L.
874 2877 1016 2949 1.f)
1042 2880 1280 2930 Joaunes
1314 2879 1637 2936 Cinnamus.
1675 2878 1738 2935 L.
1773 2876 1823 2934 1.
1856 2899 1906 2935 e.
1943 2878 1997 2936 3.

444 2969 558 3022 seq.
592 2951 812 3003 Nicetas
837 2948 1391 3005 Cho'niat.i11J0a11ne
1425 2953 1600 3002 Comn
1627 2973 1638 3005 ε
1665 2949 1782 3020 lege
1822 2960 1875 3001 et
1895 2953 2001 3000 Pe-

444 3023 674 3077 tavium.
703 3021 925 3076 Ration.
948 3020 1153 3091 Tcmp.
1173 3023 1234 3079 P.
1267 3023 1308 3077 I.
1348 3022 1412 3077 L.
1440 3021 1490 3076 2.
1521 3043 1567 3077 e.
1591 3023 1643 3077 9.
1662 3039 1716 3089 p.
1756 3020 1843 3076 94.
1864 3021 1997 3073 item

445 3094 510 3148 L.
550 3092 602 3148 3.
646 3114 690 3148 c,
735 3092 783 3147 1.
824 3113 879 3164 p.
923 3089 1043 3148 ⁴15.
1086 3102 1138 3145 et
1180 3093 1313 3149 L.5.
1355 3113 1403 3149 e.
1441 3092 1523 3149 12.
1564 3113 1618 3165 p.
1642 3090 1766 3149 286.
1802 3091 2004 3165 ίξὺΗε-

445 3164 628 3220 ro'dot.
668 3165 731 3221 L.
774 3164 824 3221 5
865 3184 913 3220 C.
954 3162 1005 3221 3.
