2048 3786
334 186 461 248 552
885 191 1327 250 Plistoria

237 371 475 431 scituro
510 367 643 431 filio
664 417 680 445 ,
727 371 1370 457 Curator,Regnique
1401 371 1771 434 Moderator
1801 378 1959 435 Per-

231 462 447 519 diceas
478 457 840 522 adderetur.
903 462 972 544 a)
1018 460 1158 535 Qua
1197 463 1522 522 occasione
1554 483 1768 523 omnes
1806 486 1959 547 pro-

233 549 480 612 vinciae
495 553 558 610 in
579 553 879 635 satrapias
897 549 1386 613 etPraefecturas
1402 548 1774 614 distributae
1795 567 1957 615 sunt.

236 639 299 720 b)
333 641 599 701 Interim
630 640 857 701 Graeci
907 639 1186 701 inaudita
1220 643 1576 700 Alexandri
1600 645 1693 701 M.
1727 658 1952 719 morte,

229 750 380 800 mox
405 729 646 812 ubique
694 728 1064 790 tumultuari
1096 745 1479 814 coeperunt,
1516 732 1828 815 imprimis
1846 754 1956 791 au-

229 830 360 879 tem
405 816 859 894 Atheniense8‚
944 822 1057 903 qui
1108 822 1457 879 Leosthene
1526 818 1684 881 duce
1741 843 1956 882 omnes

226 906 503 968 Graecos
536 906 615 966 ad
661 906 1019 969 libertatem
1084 908 1582 991 recuperandam
1645 931 1956 994 provoca-

224 1009 381 1056 runt
397 1018 415 1074 3
481 996 596 1079 qui
640 997 828 1056 etiam
877 994 1060 1057 brevi
1104 998 1298 1056 unitis
1355 998 1604 1059 viribus
1667 1001 1955 1076 Antipa-

223 1095 400 1145 trum
424 1086 683 1160 victum,
723 1083 800 1143 ad
828 1082 1177 1146 Thessaliae
1198 1085 1506 1169 oppidum
1539 1089 1810 1147 Lamiae
1833 1089 1949 1149 ob-

221 1172 560 1252 sederunt,
603 1173 772 1235 unde
811 1176 1001 1235 etiam
1030 1175 1324 1235 Lamiaco
1359 1174 1527 1235 bello
1550 1197 1782 1237 nomen
1828 1179 1946 1236 im-

223 1267 500 1348 positum
523 1277 648 1326 est:
694 1285 824 1347 quo
859 1266 926 1323 in
961 1263 1360 1326 memorabili
1385 1263 1627 1347 praelio
1649 1267 1951 1325 Leonte-2

221 1375 332 1413 nes
365 1368 431 1416 et
474 1357 840 1414 Leonnatus
861 1373 1164 1437 generose
1202 1352 1654 1416 occubuerunt.
1705 1355 1950 1416 Verum

223 1466 390 1504 anno
427 1457 732 1527 sequente
766 1465 965 1527 quum
1014 1445 1321 1504 Craterus
1344 1464 1407 1505 se
1451 1446 1808 1520 Antipatro
1839 1443 1952 1504 ad-

221 1531 528 1617 junxisset
557 1580 574 1610 ‚
606 1556 754 1594 mox
800 1530 1221 1595 Athenienses
1266 1555 1488 1616 magna
1512 1532 1686 1594 clade
1723 1536 1946 1610 attriti,

221 1637 286 1684 et
332 1621 411 1683 ad
444 1626 795 1684 Cranonem
829 1624 983 1684 victi
1010 1636 1187 1683 sunt.
1237 1623 1481 1696 Quibus
1512 1625 1577 1683 in
1614 1622 1951 1686 turbulen-

219 1715 297 1774 tis
332 1712 727 1797 temporibus
754 1759 769 1790 ,
810 1714 1149 1772 Perdiccas
1170 1714 1230 1771 in
1259 1713 1504 1775 oriente
1538 1735 1806 1797 regnum
1830 1711 1949 1776 ob-⁴

220 1805 424 1866 tinere
456 1803 770 1886 cogitans3
814 1805 948 1865 sine
992 1825 1170 1863 mora
1217 1804 1623 1880 Cleopatram
1672 1804 1950 1862 Alexan-

221 1897 328 1952 dri
372 1895 459 1954 M.
524 1914 809 1954 sororem
867 1893 934 1952 in
974 1914 1242 1954 uxorem
1285 1891 1506 1972 duxit3
1557 1914 1685 1978 quo
1740 1891 1947 1970 facto,

219 2005 418 2067 quum
468 1985 829 2043 Ptolomaeo
886 1984 1101 2045 vicino
1149 1983 1453 2068 Principi'
1476 1998 1794 2046 terrorem
1849 1983 1945 2042 in-

1715 2093 1855 2130 CUS-

288 2247 347 2313 a)
387 2243 540 2298 Idem
577 2241 712 2297 ibid.
753 2241 808 2307 b)
843 2243 905 2297 In
942 2240 1232 2298 divisione.
1260 2239 1625 2294 Ptolomaeus
1664 2241 1832 2313 Lagi
1872 2245 1943 2298 fi-
1988 2240 1990 2242 ’

376 2316 484 2368 lius
517 2318 725 2382 accepit
764 2318 1098 2386 Aegyptum.
1170 2311 1510 2367 Laomedon
1561 2313 1943 2369 Micileaaeus

374 2387 616 2459 Syriam.
663 2387 838 2438 Pitlzo
877 2386 1138 2440 Mediam.
1169 2384 1459 2437 Eumenes
1501 2384 1940 2456 Cappadociam,

375 2468 432 2511 et
473 2457 940 2530 Paphlagoniam:
979 2456 1115 2509 item
1152 2472 1375 2508 omnem
1414 2461 1623 2507 terram
1663 2473 1945 2529 quaequae

375 2531 554 2582 Ponto
606 2547 781 2600 usque
823 2528 1236 2600 Trapezuntem
1286 2524 1559 2595 adjacent.
1612 2527 1941 2598 Antigonus

374 2600 780 2672 Pamphiliam‚
808 2599 1048 2670 Licham,
1088 2599 1141 2651 et
1170 2596 1454 2665 Phrigiam
1491 2597 1937 2666 Magnam.·Ca.s-

373 2673 590 2736 sandet-
639 2672 884 2728 Cariam.
935 2670 1274 2740 Meleagrus
1318 2667 1576 2738 Lydiam.
1646 2668 1941 2742 Leonatus

368 2742 675 2816 Phrygiam
719 2743 1032 2802 minorem,
1076 2758 1214 2812 quae
1259 2739 1326 2791 ad
1373 2738 1797 2809 Hellespontum
1837 2752 1935 2793 est.

368 2815 529 2869 Asiae
550 2813 869 2886 provinciae
895 2813 960 2864 iis
991 2821 1120 2864 sunt
1144 2812 1462 2883 permissae,
1503 2812 1599 2881 qui
1621 2820 1752 2863 tunc
1776 2831 1933 2881 prae-

372 2896 546 2940 erant.
567 2886 627 2939 In
646 2887 866 2956 Europa
883 2883 1272 2953 Lysimachus
1294 2881 1590 2933 Thraciam
1612 2899 1736 2933 cum
1758 2884 1930 2936 Cher-

368 2976 583 3010 soneso.
602 2956 922 3028 Antipater
951 2963 1005 3008 et
1035 2953 1335 3017 Crater-uc,
1357 2952 1449 3024 qui
1483 2951 1664 3004 adhuc
1684 2952 1753 3004 ab
1792 2955 1932 3008 Ale-

371 3029 601 3083 xandro
621 3027 776 3080 missi
796 3036 954 3080 erant
969 3027 1027 3080 in
1044 3024 1309 3084 Ciliciam,
1329 3029 1657 3093 acceperunt
1678 3025 1936 3078 Macedo-

369 3101 548 3163 niam,
592 3109 650 3152 et
685 3098 920 3171 Epirum
964 3115 1092 3151 cum
1127 3105 1243 3150 tota
1261 3095 1509 3149 Graecia.
1549 3094 1814 3151 Seleucus
1833 3115 1933 3152 au-

367 3180 479 3222 tem
520 3170 812 3225 sociorum
852 3168 1130 3242 equitibus
1170 3167 1479 3240 praefectus
1517 3173 1614 3220 est.
