2048 3786
398 138 521 197 182
1025 140 1472 197 Historia.

293 301 592 360 viciniam
617 346 633 376 ,
658 303 889 384 partim
908 323 984 361 ex
1010 300 1283 377 foedere,
1312 300 1617 361 auxilium
1636 301 1792 362 duce
1820 301 1996 359 Aca-

292 410 404 446 ma
427 436 444 465 ,
478 392 702 465 Pir-00,
762 405 826 451 et
856 393 1065 448 Rheso
1109 390 1427 468 tulerunt,
1474 392 1540 471 a)
1575 391 1682 451 sed
1719 393 1862 451 satis
1898 393 1995 450 in-

291 476 579 542 feliciter.
608 480 904 541 Ceterum
929 482 1128 540 missis
1146 478 1552 542 hisobscuris
1586 479 1995 564 temporibuS,

289 565 565 630 Thraces
602 572 794 630 etiam
833 568 1126 654 deinceps
1152 585 1435 654 potentes
1467 585 1530 630 et
1568 568 1997 630 formidabiles

286 672 470 719 'erant
491 683 507 737 3
553 682 698 718 nam
739 661 1070 736 Philspp-zcs
1100 663 1365 720 Macedo
1408 659 1484 720 ad
1523 682 1704 720 suum
1741 656 1999 717 firman-

285 747 439 807 dum
479 750 852 832 imperium,
897 752 1087 809 etiam
1108 750 1377 811 Tracum
1411 751 1750 834 potentiam
1775 747 2001 809 infrin-

285 835 551 919 gendam
582 841 989 898 necessariam
1019 860 1146 901 esse
1170 843 1435 902 censuit:
1463 838 1604 899 ideo
1627 835 1836 898 valido
1852 858 1995 895 cum

285 930 571 987 exercitu
606 941 827 987 contra
862 950 966 988 eos
1006 928 1323 1013 profectus
1346 977 1362 1006 ,
1391 929 1660 990 feliciter
1696 928 1885 988 etiam
1929 926 1992 1006 b)

281 1013 535 1076 devicit.
581 1016 785 1076 Porro
825 1020 1014 1078 etiam
1050 1019 1370 1080 Romanos
1415 1040 1595 1102 saepe
1651 1014 1994 1099 fatigarunt

279 1100 588 1182 Thrace83
635 1128 778 1166 nam
801 1104 951 1165 dum
989 1106 1262 1168 Romani
1301 1107 1469 1178 bello
1507 1104 1891 1189 Jugurthino
1930 1118 1993 1164 et

281 1192 607 1254 Cimbrico
647 1208 849 1256 essent
895 1196 1165 1271 intenti,
1231 1211 1381 1257 tunc
1412 1195 1681 1256 Thraces
1737 1193 1994 1256 Thessa-

273 1279 424 1341 liam
453 1296 516 1344 et
551 1283 923 1344 Dalmatiam
954 1281 1356 1359 incursantes,
1390 1288 1578 1346 etiam
1641 1287 1992 1344 exercitum

274 1370 712 1434 Romanorum
747 1396 870 1433 una
901 1395 1046 1434 cum
1092 1395 1313 1435 eorum
1357 1375 1513 1436 duce
1548 1375 1766 1432 Portio
1808 1375 1995 1431 Cato-

277 1482 374 1536 ne,
393 1483 616 1544 magno
664 1463 872 1546 prelio
941 1480 1351 1546 superarunt:
1403 1467 1460 1548 c)
1515 1485 1674 1547 quos
1736 1461 1987 1523 tandem

271 1569 464 1634 vagos
496 1566 559 1612 et
590 1551 793 1614 libera
832 1551 1239 1638 populatione
1267 1555 1522 1615 diffusos
1541 1600 1556 1629 ,
1597 1556 1764 1613 intra
1813 1574 1988 1612 suam

271 1636 608 1701 Thraciam
636 1641 875 1727 repulit
903 1646 1180 1722 Didia33
1228 1660 1370 1729 post
1415 1641 1591 1726 cujus
1631 1645 1985 1716 victoriam,

269 1728 542 1791 Romani
581 1729 875 1816 deinceps
909 1735 1184 1811 animati,
1217 1735 1374 1796 duce
1421 1735 1813 1818 potissimum
1850 1735 1987 1791 Lu-

265 1823 431 1880 cullo
478 1820 662 1906 plane
698 1822 777 1882 ad
809 1824 1069 1883 Tanaim
1104 1838 1554 1909 pervenerunt,
1591 1816 1900 1905 aquibus?
1919 1824 1984 1880 in

266 1912 554 1993 captivos
590 1912 734 1994 igne
763 1926 826 1975 et
851 1912 1024 1974 ferro
1055 1918 1362 1975 saevitum
1382 1928 1530 1975 erat.
1568 1914 1709 1986 Quo
1742 1926 1985 1994 tempo-

267 2020 340 2058 re
386 1998 546 2059 nihil
581 2001 876 2062 Barbaris
913 1999 1260 2065 Thracibus
1301 2007 1573 2064 atrocius
1610 2000 1980 2077 videbatur,

266 2108 459 2170 quam
483 2090 658 2174 quod
684 2092 964 2153 abscissis
988 2093 1276 2154 manibus
1294 2094 1521 2168 relicti,
1551 2095 1765 2154 vivere
1796 2112 1980 2173 coge-

265 2175 515 2239 bantur.
549 2215 635 2225 ——-
654 2184 895 2241 Probus
910 2196 1118 2243 autem
1137 2185 1489 2268 Imperator
1512 2181 1590 2242 ad
1607 2206 1657 2241 a.
1690 2181 1796 2242 Ch.
1823 2185 1974 2248 280.

258 2265 523 2329 ‘devictis
544 2273 719 2353 prius
758 2271 1021 2354 Illyriis,
1057 2271 1388 2334 Thraciam
1423 2295 1700 2356 quoque,
1748 2271 1979 2334 barba-

260 2357 351 2417 ris
397 2381 620 2441 magna
649 2361 823 2423 clade
862 2365 1210 2446 prostratis,
1258 2364 1379 2423 sibi
1400 2366 1678 2424 asseruit.
1713 2366 1780 2447 d)
1811 2365 1977 2422 Tan-

258 2444 409 2507 dem
439 2447 904 2512 Thracia'circa
952 2475 1047 2510 an.
1089 2451 1198 2512 Ch.
1239 2455 1383 2538 559.
1440 2454 1825 2515 Hunnorum
1874 2450 1971 2510 di·-

261 2556 363 2598 ras
400 2538 459 2620 e)
502 2541 889 2604 incursiones
925 2540 1214 2628 perferre
1252 2543 1628 2630 cogebatur3
1674 2569 1710 2605 a
1743 2542 1975 2629 quibus

950 2668 959 2670 ’
1824 2646 1889 2695 et

323 2818 385 2882 a)
428 2817 722 2876 Homerus.
758 2820 910 2875 Iliad.
959 2829 1008 2889 β.
1043 2841 1096 2878 V.
1138 2821 1263 2883 351.
1301 2834 1356 2877 et
1412 2825 1570 2883 Iliad.
1627 2828 1686 2883 k.
1740 2852 1783 2883 κ.
1839 2824 1967 2880 434.

417 2888 537 2942 559.
573 2890 768 2962 virgil.
814 2894 1041 2948 Aeneid.
1074 2896 1139 2948 L.
1173 2895 1224 2952 1.
1260 2914 1311 2949 v.
1361 2894 1483 2950 469.
1535 2897 1855 2971 h)Diod01-.
1905 2901 1969 2953 L.

414 2957 500 3013 16.
531 2980 583 3041 ρ.
621 2959 711 3014 82.
745 2961 798 3037 c)
833 2965 1043 3020 Florus,
1081 2967 1145 3020 L.
1166 2967 1219 3021 3.
1247 2986 1290 3021 c.
1325 2970 1381 3024 4.
1411 2967 1471 3028 d)
1500 2970 1769 3042 Vopiscus
1791 2991 1838 3030 c.
1874 2970 1961 3024 16.

405 3030 686 3106 Zosimus,
719 3035 783 3092 L.
822 3033 870 3089 1.
893 3042 943 3103 e)
976 3039 1257 3107 Agathias.
1273 3042 1335 3095 L.
1374 3041 1425 3098 5.
1446 3044 1655 3099 Leonh.
1682 3043 1962 3097 AretinuS.

420 3101 487 3158 L.
525 3102 574 3156 4.
614 3104 680 3158 de
720 3105 865 3160 hello
906 3109 1072 3164 Goth.
