2048 3786
529 189 1159 261 Spartanorum.
1527 187 1646 242 517

45 372 201 430 tutio
233 390 307 428 eo
353 369 749 453 pertinebat:
800 379 868 424 ut
892 364 1131 446 legibus
1178 378 1240 422 et
1274 363 1739 444 Magistratibus

49 458 322 516 debitam
383 457 846 517 observantiam
916 452 1213 514 exhibere
1262 450 1531 525 discant3
1583 474 1742 532 quae

51 545 332 606 educatio
379 566 650 626 eousque
685 541 1141 602 extendebatur
1167 586 1182 616 ‚
1238 538 1432 598 donec
1474 539 1748 619 gladium

49 634 292 694 elevans
324 633 598 716 perfecte
629 633 879 691 vibrare
924 653 1051 689 non
1083 641 1317 713 posset:
1358 630 1541 686 satius
1578 631 1745 686 enim

48 722 338 780 dicebant
368 722 607 803 legibus
644 720 901 779 obedire
938 741 1124 800 quam
1168 716 1408 777 hostem
1447 715 1747 776 occidere.

51 811 248 870 Moris
280 824 602 893 praeterea
640 822 774 869 erat
804 808 1084 866 breviter
1107 806 1279 889 loqui
1303 850 1317 879 ,
1344 819 1405 864 et
1436 818 1613 862 acute
1649 826 1749 862 ca·-

52 897 295 973 villari‚
328 897 494 958 unde
539 897 1048 978 breviloquentia
1072 897 1392 955 Laconum
1429 893 1751 975 profluxit3

56 985 231 1069 cujus
263 988 586 1046 innumera
620 983 913 1045 habemus
935 984 1246 1067 exempla:
1294 985 1379 1041 sic
1418 981 1565 1040 dum
1602 984 1750 1039 Plu·-

55 1078 260 1149 llppns
298 1074 696 1134 Macedoniae
742 1075 879 1133 Rex
906 1118 921 1147 ,
981 1074 1300 1132 Laconum
1339 1071 1605 1130 arbitrio
1653 1093 1755 1129 re·-

57 1163 374 1244 liquisset,
434 1163 605 1249 quod
642 1161 866 1223 velint:
923 1185 999 1219 an
1050 1176 1118 1220 ut
1165 1164 1430 1235 amicus,
1494 1158 1594 1218 vel
1638 1160 1756 1215 ini-

62 1255 256 1311 micus
292 1252 368 1310 ad
412 1253 548 1311 illos
600 1250 858 1310 veniat?
906 1253 1387 1332 rescripserunt:
1448 1261 1751 1308 nentrum..

65 1340 349 1419 Sic-dnm
393 1342 666 1422 Argivus
697 1338 1018 1422 objecisset
1060 1340 1435 1395 Endcmzicli:
1485 1337 1755 1418 Argivos

66 1430 354 1510 Spartam
397 1432 713 1488 venientes
754 1449 998 1510 semper
1022 1429 1335 1507 corruptis
1371 1423 1578 1485 redire
1625 1444 1759 1481 mo-

65 1518 289 1576 ribus?
326 1520 372 1575 is
420 1519 731 1599 reposuit:
769 1518 1120 1591 Spartanos
1153 1518 1617 1590 se7npe7·7·eclit·e
1636 1535 1759 1569 me-

62 1610 263 1663 liores,
317 1605 620 1665 Similiter
649 1603 728 1662 ab
764 1604 1054 1663 insulanis
1103 1601 1554 1663 confoederatis
1606 1600 1763 1659 fame

64 1693 527 1769 laborantibUS‚
584 1694 802 1775 Legati
848 1692 1136 1775 Spartam
1155 1694 1492 1765 venienteS,
1531 1691 1763 1749 oratio-

66 1805 146 1842 ne
188 1780 548 1865 praehabita
584 1803 894 1840 annonam
938 1782 1290 1863 petierunt:
1337 1779 1442 1838 sed
1475 1778 1760 1862 Spartani

67 1870 452 1951 longitudine
474 1872 771 1930 sermonis
807 1870 1057 1942 offensi,
1091 1871 1162 1927 iis
1199 1881 1648 1951 reposuerunt:
1703 1888 1764 1921 se

55 1962 256 2035 finem
316 1963 624 2016 orationis
676 1981 794 2015 non
853 1960 1268 2027 intellexisse,
1319 1958 1572 2012 initium
1622 1976 1768 2011 vero

70 2049 289 2104 oblitos
335 2070 478 2104 esse.
530 2045 802 2106 Proinde
840 2045 995 2105 alter
1015 2048 1231 2104 'venire
1265 2044 1456 2127 jussus
1486 2091 1500 2118 ,
1544 2058 1614 2102 ut
1638 2064 1770 2102 rem

70 2136 328 2195 brevius
361 2149 776 2218 proponeretg
825 2137 935 2216 qui
959 2135 1146 2193 etiam
1180 2135 1444 2215 seposita
1465 2134 1768 2204 oratione,

73 2226 257 2284 unice
295 2226 559 2281 Sacemn
601 2246 869 2280 vacnum
898 2226 1198 2280 ostendit:
1249 2233 1374 2303 'quo
1409 2223 1541 2279 viso
1581 2222 1770 2279 Sena-

77 2327 190 2387 tus?
239 2334 381 2370 cum
399 2334 529 2371 sum
540 2335 636 2370 ma
656 2311 1105 2395 complacentia
1128 2313 1375 2392 signum
1400 2309 1771 2390 intelligen53

78 2424 228 2460 mox
262 2403 318 2460 ei
342 2423 647 2460 annonam
667 2402 999 2483 assignavit
1022 2424 1036 2477 3
1063 2399 1244 2458 simul
1263 2413 1463 2457 tamen
1493 2413 1551 2457 et
1571 2401 1773 2480 ipsum

88 2491 389 2570 Legatum
429 2489 785 2563 admonuit,
833 2511 912 2548 ne
956 2491 1020 2546 in
1081 2487 1361 2546 futurum
1408 2502 1532 2545 tam
1578 2484 1776 2568 proli—

78 2597 196 2635 xus
237 2591 419 2651 esset,
456 2580 564 2659 qui
600 2591 842 2637 ostenso
882 2590 1060 2636 antea
1097 2597 1306 2650 sacco,
1344 2575 1524 2634 simul
1581 2573 1772 2632 dixit:

82 2686 324 2724 saccum
362 2665 537 2724 illum
573 2665 803 2726 debere
824 2664 1090 2747 impleri.
1139 2699 1223 2708 —-
1261 2666 1549 2723 Ceterum
1585 2663 1776 2744 Spar-

81 2755 208 2811 tani
239 2757 748 2815 exercitationem
809 2751 1120 2813 habebant
1166 2753 1230 2810 in
1296 2755 1668 2825 venatione,
1716 2762 1779 2809 et

83 2845 148 2899 in
196 2846 395 2902 armis.
444 2843 492 2901 F
497 2845 664 2902 urari
711 2855 915 2902 autem
954 2863 1050 2901 res
1095 2843 1361 2900 minutas
1394 2840 1774 2923 'praesertim

82 2931 420 2992 esculentas
460 2955 656 3016 puero
701 2931 878 2990 licuit
895 2957 921 3004 ,-
972 2929 1076 2990 sed
1115 2927 1533 3011 deprehensus
1579 2928 1781 2988 solen-

89 3021 254 3080 niter
279 3020 481 3103 flagris
512 3020 917 3082 caedebatur:
955 3041 1076 3101 qua
1114 3021 1356 3080 ratione
1377 3017 1778 3079 intendebant

1620 3105 1695 3165 ad
