2048 3786
333 161 366 221 8

234 346 369 404 ges,
439 321 619 401 Asia,
656 325 753 387 vob
799 324 1286 390 foecunditatem
1338 339 1576 402 terrae,
1621 327 1791 398 omni
1823 327 1956 386 ani«-

240 415 548 475 mantium
579 437 811 499 genere
836 431 928 477 est
964 416 1323 494 cultissima,
1372 415 1449 476 ad
1495 418 1825 477 Orientem
1858 418 1957 474 in-

238 518 490 587 gentem
553 506 989 582 metallorum,
1057 520 1122 567 et
1177 507 1505 568 Unionum
1561 507 1696 565 vim
1752 502 1955 565 habet.

238 594 414 655 Haec
467 595 687 655 mundi
714 617 857 680 pars
904 598 1184 680 primum
1224 593 1543 673 habitata,
1590 595 1962 680 praecipua-

236 707 383 743 rum
440 684 616 744 orbis
664 682 1221 760 Monarchiarum,
1270 709 1342 746 ac
1387 686 1820 746 'Scientiarum
1853 704 1963 743 ex·-

238 776 410 857 cepit
443 773 828 857 primordia3
878 789 940 836 et
973 778 1174 859 prima
1204 775 1555 858 Religionis
1573 770 1965 834 Christianae

240 860 389 945 jecit
429 866 706 936 semina,
754 885 922 925 nunc
972 865 1051 925 ab
1099 861 1380 926 Ethnicis
1435 866 1828 947 potissimum
1869 865 1969 920 in-

236 951 508 1026 colitur,
549 967 753 1016 sectae
797 951 1296 1020 Mahomedanae
1335 952 1614 1014 addictis,
1664 953 1962 1013 Matrices

238 1040 528 1125 lingvae,
570 1041 853 1104 infinitae
897 1058 1056 1103 sunt.
1153 1042 1478 1106 Dividitur
1511 1040 1700 1104 hodie
1741 1045 1807 1103 in
1855 1062 1964 1100 sex
1998 1120 2000 1123 Ι

241 1145 492 1214 partes:
541 1135 635 1191 uti
693 1133 747 1190 T
751 1135 994 1192 urciam
1047 1134 1429 1210 Asiaticam,
1496 1134 1773 1195 Persiam
1801 1178 1815 1204 ,
1862 1131 1967 1189 In·-

242 1218 412 1280 diam
438 1266 454 1295 ,
507 1221 863 1282 Tartariam
897 1222 1189 1306 Magnam
1215 1271 1231 1298 ,
1278 1221 1577 1298 Chinam,
1625 1236 1688 1283 et
1727 1219 1969 1281 Insulas

239 1309 567 1369 Asiaticas,
605 1346 690 1354 --—

399 1399 446 1458 I.
493 1398 818 1459 ‘TURCIA
862 1398 1266 1460 ASIATICA
1337 1397 1528 1461 habet
1560 1423 1670 1462 sex
1711 1393 1977 1479 majores

236 1487 585 1570 Regione33
619 1491 714 1549 uti
744 1513 755 1549 :
780 1491 1132 1565 Natoliam,
1154 1492 1428 1566 Soriam,
1446 1492 1760 1549 Arabiam
1780 1533 1795 1562 ,
1849 1488 1970 1544 Ge-,

240 1580 492 1657 orgiam
520 1625 535 1655 ,
608 1581 1147 1638 Tarcomanniam
1183 1626 1199 1655 ,
1278 1593 1341 1639 et
1415 1579 1967 1660 Diarbeckeriam.

415 1669 477 1750 a)
522 1667 912 1728 NATOLIA
935 1691 1042 1731 seu
1063 1670 1120 1732 A
1137 1671 1224 1729 sia
1244 1674 1457 1731 minor
1480 1685 1760 1754 quatuor
1786 1663 1977 1726 habet

238 1759 600 1841 provincias
619 1755 827 1834 hodie,
852 1781 1080 1843 nempe
1099 1763 1366 1844 proprie
1387 1763 1742 1833 Natoliam,
1768 1757 1970 1815 Ama*

240 1850 425 1921 siam,
470 1850 989 1924 Caramamziam,
1026 1861 1091 1908 et
1106 1850 1434 1909 Alaudali.
1472 1847 1751 1932 Singulis
1776 1868 1960 1930 prae*

241 1950 390 1997 sunt
427 1939 718 2013 Bassae,
756 1959 863 2014 seu
886 1939 1265 2018 Beglerbeg.
1317 1938 1490 2000 Olim
1515 1937 1773 1999 Natolia
1821 1955 1976 1995 con-

240 2026 487 2087 tinebat
517 2029 923 2102 Bithiniam,
974 2030 1495 2108 Paphlagoniam
1525 2075 1540 2104 ,
1589 2028 1971 2107 Phrygiam,

239 2117 562 2194 Lydiam,
609 2118 923 2191 Aeoliam,
961 2120 1233 2194 Jom’am,
1291 2122 1588 2193 Cariam,
1642 2118 1973 2177 Galatiam

241 2227 356 2266 seu
413 2208 944 2285 Gallograeciam.
995 2208 1381 2293 Praecipuae
1402 2209 1704 2268 Civitates
1732 2253 1748 2278 ,
1795 2228 1830 2263 a
1874 2227 1977 2265 re-

239 2294 357 2356 bus
400 2299 587 2379 gestis
627 2295 909 2359 celebres
946 2311 1166 2375 erant,
1215 2312 1279 2358 et
1337 2297 1586 2381 aliquae-
1628 2293 1972 2356 hodiedum

239 2400 615 2470 supersunt,
663 2389 792 2446 uti:
849 2388 902 2449 1.
947 2388 1209 2445 Smirna
1243 2402 1467 2473 portus
1517 2386 1973 2447 celeberrimus

239 2475 717 2537 mercatoribus.
770 2479 826 2536 2.
897 2478 1300 2555 BergamaS,
1350 2477 1532 2561 regni
1591 2476 1969 2558 Pergameni

245 2565 515 2626 condam
552 2579 743 2650 caput
805 2567 859 2627 5.
900 2566 1170 2632 Barsia.
1223 2569 1278 2627 4.
1338 2569 1622 2645 Abydus.
1670 2567 1725 2626 5.
1765 2565 1977 2641 Ephe-

247 2676 369 2727 sus,
423 2656 479 2718 6.
537 2658 758 2732 Troja.
787 2655 1029 2715 Priami
1063 2656 1261 2738 regia,
1308 2679 1386 2715 an
1425 2656 1510 2716 M.
1560 2659 1750 2716 2870.
1792 2675 1974 2713 ever-

247 2766 326 2803 sa.
383 2750 435 2806 7.
485 2747 766 2821 Nicaea,
818 2748 873 2806 8.
929 2746 1308 2821 Chalcedon,
1345 2748 1411 2805 in
1437 2744 1614 2830 cujus
1651 2745 1975 2804 vicinitate

249 2849 344 2895 est
378 2837 659 2894 Scutari.
703 2836 760 2897 9.
805 2837 1197 2911 Nicomedia,
1244 2859 1279 2894 a
1307 2835 1617 2919 Gossypio
1657 2849 1719 2895 et
1753 2834 1972 2894 Serico

248 2923 534 2986 celebris.
592 2928 687 2986 10.
737 2928 1136 3001 Lampsacus
1184 2922 1263 2985 ad
1299 2925 1647 2986 Granicum
1690 2922 1954 2983 fluvium

251 3016 346 3077 11.
397 3017 709 3092 Phocaea,
753 3013 1019 3077 condam
1062 3012 1546 3078 Atheniensium
1577 3013 1841 3075 colonia.
1873 3014 1969 3074 12.

1691 3106 1888 3162 Mile-
