2048 3786
455 241 1291 317 Carthaginensium.
1549 243 1667 302 169

80 418 239 502 gulis
268 422 438 480 annis
477 419 628 480 duos
661 419 1057 500 Magistratus
1089 416 1391 500 elegerint
1417 463 1432 492 ,
1480 424 1587 500 qui
1623 425 1762 498 Sus-

64 512 238 583 fetes
287 509 702 582 vocabantur,
770 520 832 566 et
882 526 1174 589 supremo
1232 505 1530 564 tribunali
1587 525 1763 568 erant

78 617 290 657 omnes
321 596 580 679 subjecti
604 619 619 671 3
664 594 986 654 constabat
1015 607 1222 652 autem
1252 614 1613 676 supremum
1650 599 1760 654 tri-

81 684 269 743 bunal
305 707 382 745 ex
424 686 560 744 104.
589 685 743 744 viris
775 705 883 742 seu
916 683 952 739 J
959 680 1241 740 udicibus
1260 684 1515 741 scientia
1550 697 1611 742 et
1632 706 1760 744 me-

80 775 218 832 ritis
260 774 640 855 conspicuis3
666 762 852 831 'inter
913 791 1070 852 quos
1114 771 1396 851 quinque
1446 785 1760 853 tamquam

75 857 311 942 Ephori
342 863 564 921 ceteris
597 859 967 920 eminebant.
1020 857 1262 917 Deinde
1308 860 1372 917 in
1402 859 1656 941 singulis
1674 864 1762 919 ci-

80 949 375 1008 vitatibus
403 963 535 1009 erat
571 949 849 1023 Senatus⁷
890 948 999 1028 qui
1032 946 1109 1005 de
1140 948 1412 1006 minimis
1460 971 1657 1030 aeque
1693 971 1760 1007 ac

79 1038 365 1096 maximis
401 1039 666 1119 negotiis
697 1035 1050 1120 judicabat3
1098 1036 1183 1094 ita
1237 1050 1443 1095 tamen
1484 1051 1553 1095 ut
1584 1041 1634 1095 si
1665 1061 1769 1097 eo—

76 1146 217 1183 rum
231 1129 551 1187 sententiis
586 1126 896 1209 litigantes
913 1146 1038 1183 non
1057 1126 1588 1206 conquievissent3
1615 1148 1762 1208 pro—

77 1215 324 1273 vocatio
363 1214 442 1274 ad
472 1216 737 1274 Comitia
754 1212 969 1298 populi
1005 1212 1169 1271 licita
1202 1211 1380 1272 foret.
1430 1214 1598 1274 Haec
1637 1216 1765 1273 Re—

73 1301 351 1384 spublica
384 1305 565 1363 initio
605 1318 739 1363 erat
772 1306 1013 1384 modica
1062 1315 1124 1361 et
1164 1302 1427 1359 obscura
1461 1305 1634 1360 annis
1675 1301 1768 1363 fe-

72 1414 141 1450 re
185 1393 262 1450 57
275 1391 327 1449 5.
355 1390 550 1451 donec
587 1391 878 1451 videlicet
909 1392 1181 1474 primum
1218 1388 1431 1451 foedus
1458 1413 1597 1449 cum
1638 1394 1769 1450 Ro-

74 1482 269 1539 manis
330 1503 380 1537 a.
423 1494 564 1540 ante
612 1478 717 1539 Ch.
770 1480 911 1539 515.
954 1480 1232 1537 inivisset
1249 1502 1264 1555 3
1311 1501 1438 1561 quo
1481 1493 1762 1561 tempore

69 1566 192 1648 jam
232 1567 740 1651 Carthaginenses
783 1570 847 1625 in
889 1567 1114 1640 EbusO‚
1165 1569 1288 1626 imo
1328 1570 1391 1625 in
1432 1568 1765 1650 Hispaniis,

69 1657 350 1730 Corsica,
400 1655 686 1716 Sardinia
720 1671 783 1716 et
816 1655 1026 1715 Sicilia
1063 1655 1233 1715 sedes
1265 1658 1522 1715 omnino
1558 1659 1766 1714 inuni-

73 1759 162 1802 tas
197 1742 525 1805 habebant.
574 1747 812 1805 Verum
851 1769 883 1804 a
923 1747 1129 1828 primo
1152 1746 1265 1802 isto
1294 1765 1430 1801 cum
1471 1745 1767 1802 Romanis

71 1835 511 1914 negotiationis
557 1833 829 1906 foedere,
866 1835 1066 1916 spatio
1091 1833 1233 1891 250.
1281 1854 1591 1891 annorum
1614 1878 1630 1907 ,
1669 1855 1770 1891 us—

71 1943 194 2002 que
236 1921 313 1980 ad
338 1921 574 1981 bellum
611 1925 887 2006 primum
923 1923 1228 1980 Punicum
1254 1965 1268 1992 7
1314 1923 1541 1978 Potens
1563 1935 1624 1980 et
1656 1943 1764 1977 ar-

71 2031 307 2087 rogans
345 2012 574 2070 evasit:
623 2012 918 2092 quoniam
970 2008 1096 2068 late
1151 2023 1298 2067 tunc
1344 2023 1538 2067 totam.
1588 2008 1760 2067 Afri-

72 2119 208 2156 cam
247 2099 792 2182 complecteretur,
844 2113 905 2158 et
933 2119 1125 2180 porro
1159 2099 1441 2156 victricia
1466 2120 1569 2156 sua
1595 2120 1765 2156 arma

73 2209 192 2269 per
253 2201 441 2246 totam
498 2191 683 2248 etiam
729 2188 1046 2269 Europam
1114 2185 1610 2246 circumferenda
1664 2185 1772 2247 de-

66 2276 360 2353 stinaret3
406 2277 512 2337 sed
553 2275 828 2337 consiliis
878 2275 1008 2358 ejus
1059 2276 1265 2357 primo
1303 2277 1510 2334 statim
1570 2277 1758 2335 totius

80 2363 306 2424 Sicilae
347 2365 723 2426 obtinendae
763 2365 1141 2424 obstiterunt
1191 2367 1410 2435 Gema,
1456 2366 1767 2442 Dionysi-

69 2473 174 2526 u3‚
229 2456 555 2528 Timoleon,
596 2478 672 2512 ac
707 2455 1001 2531 Pyrrhus
1033 2451 1444 2513 Celeberrimi
1480 2467 1625 2512 tunc
1663 2474 1767 2512 oc-

67 2538 388 2600 cidentalis
437 2543 722 2627 Europae
756 2544 974 2602 Duces.
1023 2540 1264 2614 Quibus
1293 2544 1357 2599 in
1400 2542 1763 2625 periculosis

66 2625 390 2710 adjunctis,
425 2652 574 2689 mox
615 2630 952 2713 prudentes
989 2627 1519 2711 Ca1¹thaginense3‚
1567 2634 1758 2688 Han-

65 2720 214 2773 noni
245 2731 308 2777 et
350 2720 660 2776 Amilcari
700 2732 1139 2778 concesserunt
1188 2732 1554 2800 potestatem
1582 2765 1597 2793 ,
1627 2719 1764 2777 Ma-

72 2806 165 2862 ria
198 2820 372 2864 extra
414 2806 645 2889 Calpen
693 2821 755 2866 et
790 2805 989 2866 Gades
1016 2853 1030 2881 7
1095 2829 1608 2889 quaquaversum
1661 2828 1768 2864 ex—

62 2891 370 2975 plorandi.
422 2893 537 2953 His
585 2910 790 2955 tamen
825 2894 1112 2954 omnibus
1154 2895 1451 2954 ordinatis
1478 2943 1492 2969 7
1541 2917 1762 2976 seque-

65 2981 252 3040 batur
286 2981 862 3065 Carthaginensium
884 2984 1103 3044 tertius
1127 2984 1331 3042 Status
1356 2986 1605 3058 Infelix,
1637 2983 1765 3065 pla—

70 3093 149 3130 ne
189 3070 263 3129 ad
301 3075 531 3137 incitas
577 3077 775 3156 spatio
826 3075 964 3134 125.
1015 3095 1336 3133 annorum.
1388 3072 1699 3132 Videlicet
1738 3094 1769 3128 a

1513 3161 1681 3221 bello
