2048 3786
576 208 1131 266 flIacedonum.
1530 217 1654 280 559

58 389 342 447 Macetia
365 432 381 461 ‚
438 389 690 444 cethim.
741 399 855 445 etc,
899 386 967 466 a)
1012 386 1377 446 Macedonia
1418 390 1496 449 ab
1529 415 1747 455 occasu

56 474 244 537 habet
260 497 431 535 mare
456 475 779 551 Jonicum3
819 473 900 533 ab
935 476 1177 534 oriente
1202 496 1372 535 mare
1396 476 1745 560 Aegaeum3

54 589 90 624 a
125 566 566 647 septemtrione
617 563 918 623 Moesiam
958 576 1022 622 et
1066 577 1310 645 partem
1368 564 1746 646 Dalmatiae3

56 678 88 711 a
125 651 390 712 meridie
434 652 698 732 Epirum
728 663 791 712 et
834 645 1146 731 Achaiam.
1218 652 1420 734 Regio
1473 650 1618 715 haec
1665 678 1745 718 ex

55 743 227 800 omni
265 754 441 823 parte
493 736 748 813 fertilis,
783 739 1067 798 maximis
1128 741 1445 801 montibus
1479 744 1751 804 circum-

52 832 202 902 sita,
262 829 389 886 uti:
438 828 686 900 Pelion,
732 827 1009 902 Pincia-5,
1050 829 1493 906 Nymphaeum,
1529 830 1745 891 Athos.

47 929 162 976 etc.
229 914 391 974 Auri
427 925 490 974 et
520 916 762 996 argenti
802 912 990 975 diveS.
1039 915 1207 974 Olim
1249 917 1618 979 Macedonia
1657 934 1748 982 te-

49 1019 140 1065 ste
176 1005 415 1062 Plinio:
459 1015 772 1063 terrarum
804 1003 1140 1086 imperium
1159 1008 1390 1088 potita,
1436 1008 1551 1067 sub
1593 1011 1742 1067 Phi-

48 1097 218 1168 lippo
258 1094 346 1149 II.
396 1104 460 1150 et
506 1092 867 1150 Alexandro
921 1093 1013 1148 M
1061 1108 1388 1175 sequentes
1434 1095 1745 1179 Regiones

46 1178 610 1264 complectebatur,
658 1181 786 1238 uti:
847 1176 1090 1251 Asiam,
1151 1180 1553 1259 Armeniam,
1603 1186 1743 1246 Ibe-

47 1272 239 1344 riam,
286 1267 634 1327 Albaniam.
701 1265 1190 1351 Cappadociam,
1258 1271 1536 1351 Syriam,
1617 1272 1743 1335 Ae-

50 1371 343 1441 gyptum,
390 1356 705 1432 Taurum,
767 1357 1139 1435 Caucasum,
1186 1356 1504 1418 dominata
1561 1384 1743 1443 prae-

48 1461 219 1508 terea
252 1459 346 1506 est
386 1444 623 1504 Bactris
650 1489 666 1520 ,
710 1443 946 1520 Medis,
989 1446 1189 1505 Persis
1212 1491 1228 1520 ,
1262 1446 1742 1533 possidebatque

46 1549 248 1595 totum
288 1534 594 1593 orientem
622 1556 634 1591 ε
682 1532 934 1592 Victrix
959 1532 1080 1593 fuit
1102 1533 1330 1597 Indiae.
1356 1536 1564 1598 Urbes
1592 1538 1745 1599 olim

45 1622 267 1682 multas
308 1636 370 1682 et
412 1620 654 1682 nobiles
677 1617 914 1694 habuit,
940 1645 1207 1704 quarum
1240 1628 1574 1709 praecipua
1608 1642 1743 1688 erat

60 1714 540 1784 Thessalonica,
606 1709 758 1771 olim
793 1724 856 1771 et
896 1708 1082 1771 hodie
1121 1736 1153 1770 a
1195 1713 1408 1773 multis
1451 1716 1744 1796 gentibus

47 1798 411 1859 Christianis
442 1795 734 1873 habitata,
781 1799 908 1858 imo
940 1813 1003 1858 et
1040 1799 1307 1876 Judaeis,
1355 1804 1466 1884 qui
1505 1802 1744 1865 ibidem

49 1893 149 1949 80.
201 1888 550 1968 Synagogas
585 1883 983 1963 habuerunt,
1029 1886 1214 1949 hodie
1246 1888 1415 1949 sedes
1455 1904 1546 1950 est
1579 1894 1741 1950 San-

35 1980 252 2054 giacc',
299 1976 410 2057 qui
434 1974 509 2033 ad
533 1974 894 2034 mandatum
939 1977 1294 2037 Turcorum
1338 1981 1744 2061 Imperatoris

45 2067 419 2147 quingentos
450 2065 690 2145 equites
740 2063 901 2125 bene
960 2079 1226 2125 armatos
1266 2062 1498 2128 habere
1533 2067 1741 2145 debet,

44 2176 121 2212 ex
161 2152 390 2236 quibus
429 2165 683 2213 centum
730 2151 806 2210 ad
868 2151 1292 2214 defensionem
1335 2153 1549 2214 limitis
1591 2178 1741 2217 con-

43 2245 218 2300 tinuo
265 2254 446 2302 tenet.
519 2240 684 2299 Huic
750 2242 958 2300 vicina
990 2243 1140 2302 urbs
1177 2257 1313 2304 erat
1368 2245 1739 2322 Sidet-ocal)-

44 2353 152 2387 sae
205 2333 338 2388 auri
388 2328 613 2387 fodinis
672 2329 952 2390 celebris.
1022 2333 1200 2389 Pella
1262 2332 1371 2390 ubi
1420 2328 1738 2394 thesaurus

45 2420 231 2499 Regis
263 2416 746 2477 custodiebatur.
797 2421 1066 2496 Stagira
1111 2421 1479 2478 *Aristotelis
1521 2426 1734 2503 patria.

47 2509 386 2582 Apollonia
427 2506 535 2563 ubi
566 2504 886 2587 Augustus
912 2509 1263 2590 Imperator
1298 2509 1560 2568 Graecas
1598 2509 1736 2573 lite-

46 2617 143 2655 ras
161 2594 393 2653 didicit.
417 2594 673 2657 Praeter
708 2597 1082 2652 Strinzoaezem
1106 2595 1366 2655 fluvium
1382 2596 1735 2659 celebratur

46 2687 247 2743 Axius
272 2730 287 2758 ,
334 2673 688 2760 Erigonus,
735 2684 1058 2740 Aliacmon
1082 2730 1097 2758 ,
1144 2696 1205 2742 et
1241 2687 1470 2744 Peleus.
1516 2720 1598 2730 —-
1623 2690 1738 2746 At-

854 2771 917 2829 Y
968 2776 999 2831 2
1542 2778 1648 2833 lzos

114 2958 170 3021 a)
228 2956 460 3008 Solinus,
514 2956 746 3011 Plinius,
780 2955 996 3026 Trogus
1020 2998 1031 3017 ,
1071 2959 1274 3015 Livius'.
1315 2961 1638 3031 Hesych‘us.
1676 2964 1736 3015 In

200 3026 354 3078 libris
389 3037 569 3077 autem
603 3027 1059 3079 Machabaeorum
1102 3029 1331 3083 Cetlzim
1372 3031 1591 3099 dicitur,
1629 3053 1735 3087 un-

123 3106 127 3109 ’
202 3095 269 3148 de
309 3095 621 3149 Alexander
658 3114 908 3167 eggresus
945 3109 1044 3154 est..
