2048 3786
591 144 1111 197 Graecorum.
1555 148 1676 204 277

72 335 473 404 gnoscerent,
516 323 805 379 Orac-ulis
828 339 1127 378 summam
1164 314 1347 377 fidem
1372 316 1749 384 detulerunt:

72 410 416 493 cujusmodi
458 408 721 469 Oracula
777 409 1109 490 praecipua
1162 421 1374 466 erant:
1440 410 1503 465 in
1559 412 1756 491 Lybia

69 502 243 557 Jovis
282 500 622 575 Ammonis,
668 497 732 554 in
764 496 957 578 Epiro
1020 497 1468 571 Dodonaeum,
1532 500 1607 555 in·
1640 500 1757 559 Ae-

70 601 263 670 gypto
307 588 536 664 Apidis
562 608 574 645 :
602 606 670 643 ac
706 586 769 642 in
815 579 1083 643 Phocide
1102 582 1583 642 celeberrimum
1611 589 1768 645 Del-

58 678 354 752 phicum,
418 677 566 735 item
615 674 680 730 in
734 673 989 733 Boeotia
1032 672 1312 728 Antrum
1363 675 1761 748 Throphonii.

70 765 144 822 In
190 763 419 844 quibus
437 761 720 822 Oraculis
745 783 934 819 vanas
967 760 1434 841 superstitiones
1458 775 1519 820 et
1560 762 1766 820 Sacri-

74 850 403 911 ficulorum
443 852 816 933 imposturas
856 850 1159 930 viguisse,
1185 847 1418 909 tardius
1456 871 1595 908 sana
1623 848 1738 909 Phi
1764 888 1771 894 «

73 937 368 1022 losophia,
398 940 704 1020 imprimis
731 935 1078 997 Christiana
1105 935 1307 1019 palam
1329 936 1556 998 docuit.
1582 940 1769 1000 Prae-

68 1041 165 1088 ter
197 1027 341 1087 alias
384 1029 666 1087 victimas
701 1025 1105 1109 placabantur
1140 1026 1241 1083 Dii
1291 1029 1475 1087 etiam
1495 1023 1766 1088 humano

69 1119 397 1197 sangvine,
446 1116 513 1194 a)
560 1114 735 1197 cujus
771 1118 864 1176 rei
906 1113 1228 1200 complura
1275 1115 1556 1200 exempla
1600 1120 1768 1176 Pau-

72 1209 282 1264 sanias
329 1220 391 1266 et
437 1205 541 1263 alii
584 1202 882 1263 referunt.

227 1294 272 1371 ᾗ.
299 1296 351 1353 5.
376 1297 598 1351 Status
634 1295 936 1350 Politia-us
962 1304 1022 1350 et
1042 1294 1265 1366 forma
1296 1296 1623 1370 regiminis
1647 1316 1760 1350 cm-

73 1385 291 1458 tiqaae
339 1385 656 1440 Graeciae.
698 1382 972 1441 Graecos
1003 1382 1346 1439 universim
1368 1380 1763 1443 considerare

63 1467 364 1530 debemus
408 1472 453 1528 I.
504 1483 575 1527 ut
617 1472 875 1527 Veteres
913 1473 1044 1529 sive
1090 1471 1303 1526 Ionios
1350 1472 1413 1528 in
1459 1471 1606 1527 Asia
1645 1474 1763 1528 mi-

71 1580 241 1616 nore.
292 1561 364 1617 ΙΙ.
405 1558 494 1616 Ut
531 1558 801 1617 Graecos
846 1561 1188 1636 Indigenas
1228 1559 1415 1639 ipsius
1466 1558 1763 1626 Graeciae

62 1650 184 1705 uti:
223 1646 655 1730 Peloponnesi,
704 1645 1016 1721 Helladis,
1057 1643 1426 1721 Thessaliae,
1470 1647 1760 1708 Macedo-

64 1736 243 1809 niae,
279 1736 475 1818 Epiri,
517 1749 580 1795 et
596 1735 964 1796 Insularum.
1008 1735 1118 1794 III.
1159 1733 1248 1793 Ut
1268 1757 1555 1817 magnam
1572 1736 1767 1796 Grae-

62 1825 255 1899 ciam,
290 1846 395 1885 seu
443 1827 788 1901 Neapoleos
839 1838 902 1884 et
949 1827 1220 1881 Siciliae.
1283 1823 1391 1882 IV.
1438 1825 1526 1882 Ut
1593 1827 1765 1884 Colo-

66 1916 209 1969 nia-s
244 1915 307 1970 in
350 1912 553 1971 tribus
590 1912 761 1971 orbis
795 1912 1076 1995 partibus
1115 1911 1265 1970 olim
1300 1910 1595 1994 disjectas.
1634 1915 1760 1972 Ita-

34 2028 36 2030 *
72 2023 198 2081 que
231 2001 498 2060 Graecia
535 2023 613 2060 ex
642 2004 833 2060 variis
864 2000 1239 2082 plerumque
1274 2000 1624 2060 minoribus
1640 2024 1765 2061 non

67 2091 277 2171 magni
296 2091 596 2150 momenti
621 2090 980 2148 civitatibus
1011 2087 1441 2149 democraticis
1477 2111 1766 2172 aggrega-

68 2191 126 2236 ta
168 2177 505 2238 multitudo
545 2177 700 2255 fuit,
735 2179 900 2239 inter
954 2200 1105 2260 quas
1148 2179 1329 2238 initio
1380 2178 1546 2236 nulla
1597 2201 1766 2238 com—

63 2271 328 2327 munitas
369 2269 487 2326 nisi
535 2266 783 2349 lingvae
835 2281 899 2328 et
942 2267 1187 2349 gentilis
1242 2266 1508 2327 ferociae
1558 2267 1764 2327 locum

59 2350 345 2416 habebat.
397 2356 689 2437 Singulae
729 2359 1010 2416 civitates
1045 2355 1530 2439 independentes
1561 2358 1762 2440 Reges

59 2439 409 2517 habebant,
458 2459 564 2503 aut
600 2446 692 2504 sui
733 2443 886 2526 juris
920 2459 1129 2505 erant:
1172 2460 1364 2527 prout
1398 2468 1623 2528 nempe
1658 2443 1759 2513 vel

58 2531 172 2590 sub
211 2532 540 2615 populari,
581 2532 681 2595 vel
727 2534 842 2593 sub
883 2535 1255 2616 optimatum
1302 2535 1606 2616 regimine
1660 2536 1756 2594 vi-

59 2620 304 2680 vebant.
349 2621 594 2682 Verum
625 2622 771 2682 licet
819 2623 1155 2704 pleraeque
1193 2623 1492 2682 Graeciae
1546 2622 1753 2680 Urbes

55 2709 170 2768 sub
213 2713 486 2794 propriis
525 2709 765 2794 legibus
802 2713 1113 2785 vixerint,
1154 2725 1328 2770 certo
1365 2724 1571 2771 tamen
1617 2713 1758 2768 vin—

1524 2798 1664 2857 culo

118 2986 177 3058 a)
216 2986 477 3056 Sophocl.
516 2987 572 3038 in
606 2986 809 3038 Electr.
848 2986 1151 3037 Pausanias.
1190 2984 1245 3036 in
1286 2984 1534 3038 Achaicis
1571 3006 1612 3037 c.
1647 2985 1736 3042 18.

211 3068 263 3109 ct
297 3057 384 3111 20.
420 3056 501 3110 21.
541 3059 679 3109 Item
720 3058 775 3109 in
813 3055 1162 3109 Corinthicis.
1219 3075 1262 3107 e.
1295 3054 1378 3106 24.
