2048 3786
385 218 462 280 18

284 404 461 465 varia
494 416 639 464 sunt
672 425 905 487 regna,
963 409 1057 465 uti
1102 407 1164 489 a)
1198 402 1565 489 Nat-Singa,
1615 403 1794 489 cujus
1848 426 2002 484 rex,

278 515 344 556 se
380 496 620 572 Regem
682 497 970 573 Regum,
1017 507 1080 554 et
1127 500 1361 557 Virum
1416 499 1603 557 1000.
1669 499 2006 556 mulierum

279 582 632 668 compellat.
681 581 751 665 b)
798 585 1155 665 Bisnagar.
1195 587 1254 667 c)
1299 588 1704 662 Mellapora,
1752 584 1819 666 d)
1861 589 2043 645 Na—'

277 685 716 752 gapatanam,
759 672 820 753 e)
872 676 1254 755 Grangebar
1276 721 1291 750 ,
1325 675 1480 735 urbs
1509 689 1702 758 portu
1737 673 1965 734 donata
1988 721 2004 750 ,

281 763 474 823 Danis
518 776 715 845 paret.
764 762 819 822 5.
866 765 1092 822 Littas
1131 767 1467 839 Golconda,
1514 763 1625 824 ubi
1673 762 1827 824 urbs
1869 762 2001 844 ejus

279 853 556 912 nominis
595 866 706 926 est,
753 865 1080 933 praeterea
1119 856 1612 931 Masalipatam,
1657 854 2002 930 PeropoliS,

278 942 537 1014 Palzor,
586 943 980 1018 CardipoliS,
1014 943 1257 1020 orizae,
1300 946 1540 1027 piperis
1585 958 1649 1004 et
1709 943 2001 1026 Gossypii

281 1028 476 1091 dives,

449 1119 559 1179 III.
615 1121 804 1177 India
857 1143 965 1178 sea
1022 1122 1364 1180 Peninsala
1418 1134 1606 1180 extra
1666 1123 1949 1199 Gangem
1979 1166 1995 1195 ,

273 1229 478 1292 prope
519 1204 782 1268 Chinam
825 1210 972 1284 sita,
1030 1209 1341 1270 dividitur
1385 1213 1450 1270 in
1505 1213 1999 1290 septemtriona-

277 1300 431 1372 lem,
469 1300 872 1372 Siamensem,
913 1312 978 1358 et
1015 1303 1424 1358 orientalem.
1475 1303 1551 1358 ln
1575 1303 1997 1374 Septemcrio-

272 1388 410 1444 nali
446 1388 568 1446 tria
609 1399 756 1445 sunt
806 1408 1000 1472 regna
1027 1433 1042 1461 ,
1090 1410 1318 1471 nempe
1358 1389 1418 1469 a)
1455 1389 1599 1445 Ava
1637 1389 1707 1469 b)
1742 1391 1995 1466 Pegaa-

271 1497 453 1552 nam,
490 1496 774 1536 muscum
812 1490 876 1537 et
898 1476 1161 1538 rubinos
1187 1475 1471 1560 profert,
1509 1475 1664 1537 olim
1703 1475 1829 1536 duo
1865 1478 1995 1538 Im-

269 1567 485 1647 peria,
524 1579 588 1627 et
626 1566 681 1628 6.
729 1587 923 1650 regna
977 1566 1536 1650 complectebatur.
1587 1565 1649 1646 c)
1692 1569 1996 1644 Arae-an,

267 1652 363 1715 his
404 1655 609 1716 tribus
640 1659 852 1739 regnis
876 1659 1148 1742 imperat
1185 1657 1326 1717 Rex
1348 1658 1540 1715 Avae.
1583 1690 1670 1700 —-·
1709 1658 1996 1715 Siamen-

200 1768 203 1772 ’
271 1748 365 1803 sis
403 1746 585 1826 regni
636 1743 968 1828 opulentia
1009 1758 1186 1830 patet
1229 1768 1307 1807 ex
1334 1746 1802 1828 pretiosissimis
1838 1744 1999 1806 fanis

274 1848 340 1896 et
379 1832 564 1895 idolis
590 1881 606 1910 ,
643 1833 756 1905 ubi
792 1834 948 1895 urbs
988 1836 1329 1919 praecipua
1385 1849 1479 1895 est
1520 1837 1807 1893 Siamam
1831 1881 1847 1911 ,
1879 1857 1991 1896 seu

267 1925 461 1982 India
489 1969 505 1999 ,
541 1925 957 2008 praecipuum
1002 1922 1442 2007 monopolium
1502 1924 1986 2006 Europaeorum

264 2024 360 2074 est
397 2014 462 2071 in
489 2012 691 2074 insula
722 2015 941 2090 Mena,
965 2035 1073 2075 seu
1110 2011 1189 2072 ad
1207 2014 1495 2072 Matrem
1499 2014 1871 2088 fluviorum
1897 2048 1984 2058 --

265 2102 344 2163 In
350 2116 563 2201 ‘parte
608 2105 926 2163 Orientali
956 2118 1050 2166 est
1088 2124 1358 2186 regnum
1383 2103 1444 2186 a)
1477 2105 1984 2178 Coclzinclzinnm,

261 2188 440 2274 cujus
479 2214 596 2253 rex
631 2191 1001 2254 Sinensibus
1041 2191 1386 2276 vectigalis,
1445 2194 1783 2269 Caeciani,
1827 2194 1985 2253 resi-

261 2279 407 2354 det,
455 2294 519 2342 et
563 2282 663 2343 50.
722 2297 943 2365 portus
997 2279 1199 2345 habet.
1247 2281 1414 2364 b)R
1419 2304 1653 2366 egnum
1701 2239 1952 2362 Ticnqai
1951 2321 1984 2329 -

260 2392 411 2430 nam
450 2373 551 2433 20.
609 2370 783 2433 mille
827 2372 1021 2435 urbes
1078 2386 1143 2434 et
1187 2371 1419 2456 oppida
1463 2385 1788 2451 numerat3
1825 2395 1983 2457 qua-

262 2482 411 2520 rum
453 2463 828 2546 praecipuae
851 2476 1025 2523 sunt:
1075 2463 1327 2538 KecciO,
1361 2463 1639 2541 BodegO,
1689 2464 1981 2535 Cicadac,

263 2552 459 2608 Ketoi
486 2596 502 2626 ,
537 2551 794 2610 Knasai
813 2598 829 2629 ,
871 2554 1179 2611 Malae-ca
1199 2553 1581 2628 peninsula,
1622 2573 1733 2610 sea
1786 2554 1979 2611 Cher-

264 2661 518 2698 sonesus
555 2661 792 2717 aurea,
831 2635 946 2703 vel⁷
978 2642 1221 2717 Oplzir,
1271 2663 1464 2725 quam
1509 2639 1807 2702 Hollandi
1869 2663 1979 2702 ex-=

258 2742 625 2812 pugnarunt
671 2753 722 2789 a.
757 2728 872 2791 Ch.
917 2731 1103 2794 1640.

608 2875 718 2938 IV.
786 2873 1233 2939 TARTARIA
1301 2876 1632 2940 MAGNA.

417 3004 711 3065 Tartaria
755 3004 1005 3089 Magna,
1047 3001 1319 3088 Scythia,
1350 3019 1415 3068 et
1463 3005 1790 3078 Sarmatia,
1828 3002 1978 3065 olim

254 3094 506 3154 tertiam
528 3092 713 3157 Asiae
745 3109 991 3180 partem
1027 3098 1391 3180 occupavit,
1427 3093 1974 3242 includiturdPer-

1718 3206 1766 3245 ει
1813 3205 1847 3243 e
1869 3229 1885 3258 ,
