2048 3786
305 143 429 201 502
907 140 1348 196 Historia

213 336 338 395 set,
380 321 444 379 in
480 316 744 383 vinculis
785 318 1138 403 miserando
1179 323 1374 385 vitam
1403 319 1626 382 finivit.
1664 321 1731 402 a)
1783 323 1930 382 Post

214 411 391 496 cujus
435 408 686 470 caedem
730 407 910 471 facile
953 411 1181 470 Graeci
1228 409 1563 493 pervidere
1607 421 1928 494 poterant,

219 505 438 564 Persas
462 498 701 560 cladem
723 500 842 559 sibi
869 499 1102 559 illatam
1120 499 1302 560 brevi
1332 498 1926 577 vindicaturos3ideo

221 588 638 651 Athenienses
675 587 957 670 undique
990 592 1155 649 vires
1190 610 1438 672 augere,
1470 587 1926 650 defensionem-

224 702 350 764 que
404 680 642 762 patriae
689 675 953 737 ducibus
1018 680 1423 736 Themistocle
1494 689 1556 736 et
1627 679 1927 734 Aristide

225 789 571 854 procurare
587 789 714 826 non
734 768 1360 850 intermise1²unt3quo
1380 767 1443 825 in
1462 780 1690 828 conatu
1707 764 1932 825 delecti

224 859 349 918 duo
397 858 598 916 Duces
621 878 698 916 ex
725 857 918 914 nimia
953 855 1367 916 aemulatione
1386 858 1454 914 in
1479 870 1769 916 mutuum
1795 853 1931 913 odi-

226 971 336 1007 um
381 943 614 1029 delapsi
667 958 829 1003 sunt.
887 946 1325 1003 Themistocles
1364 948 1536 1004 enim
1594 947 1778 1026 regni
1828 965 1943 1002 cu·-

231 1034 449 1120 piduS,
497 1035 625 1093 acri
672 1055 784 1091 suo
841 1035 1094 1116 ingenio
1141 1033 1489 1093 conabatur
1535 1034 1735 1119 plebis
1771 1055 1943 1092 amo-

228 1148 362 1186 rem
401 1122 522 1183 sibi
567 1120 922 1183 conciliare.
972 1124 1292 1180 Aristides
1340 1143 1374 1181 e
1417 1137 1638 1181 contra
1689 1144 1943 1183 morum

229 1213 548 1299 probitate
575 1224 639 1272 et
677 1208 953 1295 justitiae
997 1209 1179 1271 lande
1218 1209 1486 1272 celebris
1519 1209 1942 1271 nobilioribus

230 1301 537 1377 adhaesit,
601 1323 793 1383 quem
844 1301 1280 1359 Themistocles
1332 1299 1452 1361 sibi
1508 1303 1944 1375 resistentem,

231 1416 306 1454 eo
340 1390 524 1452 titulo
566 1388 740 1473 quod
771 1401 928 1450 esset
958 1391 1144 1449 nimis
1172 1387 1385 1473 justUS,
1433 1392 1796 1450 ostracismo
1823 1412 1947 1473 pu-

232 1484 435 1561 nivit3
482 1478 648 1540 unde
694 1493 901 1540 tamen
956 1477 1139 1539 brevi
1179 1476 1257 1537 ad
1288 1480 1558 1563 patriam
1599 1477 1950 1540 defenden-

232 1572 379 1631 dam
425 1581 755 1632 revocatus
806 1582 913 1630 est.
1005 1569 1275 1629 Interim
1329 1559 1748 1630 Athenienses
1791 1565 1949 1629 duce

245 1663 653 1720 Themistocle
718 1659 778 1740 b)
842 1657 1090 1719 Urbem
1158 1678 1419 1718 vacuam
1475 1658 1906 1741 relinquentes
1933 1702 1948 1733 ,

233 1773 378 1811 cum
451 1751 655 1811 Persis
706 1749 976 1832 primam
1045 1769 1322 1832 pugnam
1385 1745 1463 1807 ad
1537 1750 1950 1806 Artemisiam

237 1841 400 1900 mari
434 1840 901 1899 commiserunt.
949 1837 1035 1897 At
1069 1841 1312 1896 Xerxes
1355 1859 1433 1898 ex
1465 1835 1584 1897 alia
1617 1849 1795 1923 parte
1835 1835 1952 1895 At-

234 1927 422 1991 henas
465 1932 774 2012 ingressus
827 1949 978 1987 mox
1031 1928 1176 2010 igne
1235 1930 1611 2001 consumsit,
1677 1928 1734 2007 e)
1782 1924 1951 1985 unde

238 2018 620 2102 sequebatur
675 2015 943 2077 secunda
989 2040 1196 2100 pugna
1248 2016 1483 2077 navalis
1533 2015 1612 2075 ad
1676 2018 1952 2074 Salami-

241 2131 380 2168 nem
423 2105 685 2168 insulam
712 2129 900 2189 ,aqua
934 2107 1155 2167 Persae
1192 2107 1364 2181 victi,
1411 2129 1460 2164 a.
1487 2121 1629 2165 ante
1663 2102 1772 2164 Ch.
1802 2107 1950 2164 430.

242 2200 373 2282 ipse
412 2199 655 2256 Xerxes
677 2242 695 2268 ,
744 2195 967 2256 relicto
1003 2197 1067 2254 in
1122 2196 1383 2256 Graecia
1434 2196 1771 2254 fflcwclonio
1807 2215 1951 2254 cum

245 2290 390 2349 500.
438 2286 715 2346 millibus
752 2283 1066 2369 peditum,
1113 2283 1188 2343 ad
1232 2283 1713 2368 Hellespontum
1748 2306 1811 2345 se
1850 2305 1952 2344 re-

243 2380 425 2461 cepit.
475 2378 854 2434 flIa1·dotzizis
871 2389 1080 2435 autem
1119 2397 1284 2435 anno
1321 2387 1658 2455 sequente,
1691 2396 1726 2431 a
1775 2375 1950 2431 Paa-

242 2470 430 2525 saaia
479 2466 826 2547 SpartariO,
875 2479 937 2525 et
989 2465 1273 2522 Aristide
1319 2461 1730 2540 Atheniensi,
1777 2485 1954 2522 com—

244 2558 429 2615 misso
469 2553 545 2612 ad
602 2556 906 2613 Plataeas
954 2553 1189 2637 praelio
1243 2555 1478 2614 occisus
1541 2567 1660 2613 est:
1710 2554 1777 2633 cl)
1826 2555 1953 2611 imo

244 2644 357 2706 hac
390 2648 520 2733 ipsa
559 2641 660 2705 die
696 2643 884 2704 alium
913 2647 1099 2705 etiam
1130 2645 1462 2706 Persarum
1486 2644 1835 2705 exercitum
1875 2638 1954 2701 ad

320 2885 380 2959 a)
415 2887 634 2938 Cornel.
675 2887 879 2956 Nepos,
916 2884 1152 2940 Miltiad.
1193 2906 1240 2938 c.
1299 2884 1347 2937 7.
1400 2885 1663 2939 Herodot.
1703 2883 1763 2935 L.
1812 2882 1866 2937 6.
1908 2903 1955 2938 e.

416 2955 537 3012 132.
569 2976 719 3028 seqq.
761 2958 814 3023 b)
856 2957 1020 3013 Corn.
1059 2959 1259 3027 Nepos.
1303 2955 1581 3012 Themist.
1636 2976 1681 3007 c.
1722 2954 1775 3006 2.
1813 2963 1867 3004 et
1899 2953 1955 3006 3.

415 3028 682 3079 Herodot.
724 3030 786 3081 L.
819 3026 870 3084 8.
906 3048 948 3080 c,
1005 3027 1089 3081 50.
1129 3044 1287 3099 seqq.
1327 3027 1383 3097 e)
1421 3027 1651 3084 Diodor.
1675 3026 1737 3080 L.
1778 3021 1860 3082 11.
1899 3043 1954 3095 p.

414 3097 536 3151 251.
571 3099 845 3153 Herodot.
877 3097 935 3152 L.
977 3097 1024 3151 9.
1064 3119 1111 3155 ο.
1148 3097 1234 3155 58.
1270 3115 1421 3171 seqq.
1754 3139 1755 3142 ,
