<?xml version="1.0" encoding="UTF-8"?>
<!DOCTYPE html PUBLIC "-//W3C//DTD XHTML 1.0 Transitional//EN"
    "http://www.w3.org/TR/xhtml1/DTD/xhtml1-transitional.dtd">
<html xmlns="http://www.w3.org/1999/xhtml" xml:lang="en" lang="en">
 <head>
  <title>
</title>
<meta http-equiv="Content-Type" content="text/html;charset=utf-8" />
  <meta name='ocr-system' content='tesseract 3.04.00' />
  <meta name='ocr-capabilities' content='ocr_page ocr_carea ocr_par ocr_line ocrx_word'/>
</head>
<body>
  <div class='ocr_page' id='page_1' title='image "./historiauniversa01nagy_0279.png"; bbox 0 0 2048 3786; ppageno 0'>
   <div class='ocr_carea' id='block_1_1' title="bbox 571 190 1675 250">
    <p class='ocr_par' dir='ltr' id='par_1_1' title="bbox 571 190 1675 250">
     <span class='ocr_line' id='line_1_1' title="bbox 571 190 1675 250; baseline 0.001 -2"><span class='ocrx_word' id='word_1_1' title='bbox 571 190 1101 248; x_wconf 72' lang='lat' dir='ltr'>Chinensiam.</span> <span class='ocrx_word' id='word_1_2' title='bbox 1553 190 1675 250; x_wconf 78' lang='grc'>259</span> 
     </span>
    </p>
   </div>
   <div class='ocr_carea' id='block_1_2' title="bbox 85 369 1803 3160">
    <p class='ocr_par' dir='ltr' id='par_1_2' title="bbox 85 369 1803 3076">
     <span class='ocr_line' id='line_1_2' title="bbox 241 369 1756 453; baseline -0.004 -22"><span class='ocrx_word' id='word_1_3' title='bbox 241 373 287 453; x_wconf 81' lang='lat'>§.</span> <span class='ocrx_word' id='word_1_4' title='bbox 338 371 392 434; x_wconf 71' lang='grc'>5.</span> <span class='ocrx_word' id='word_1_5' title='bbox 431 375 649 430; x_wconf 66' lang='lat' dir='ltr'>Status</span> <span class='ocrx_word' id='word_1_6' title='bbox 673 371 971 427; x_wconf 66' lang='lat' dir='ltr'>Politia-ecs</span> <span class='ocrx_word' id='word_1_7' title='bbox 991 412 1006 441; x_wconf 87' lang='lat'>‚</span> <span class='ocrx_word' id='word_1_8' title='bbox 1040 378 1101 423; x_wconf 75' lang='lat' dir='ltr'>et</span> <span class='ocrx_word' id='word_1_9' title='bbox 1135 369 1369 423; x_wconf 73' lang='lat' dir='ltr'>Forma</span> <span class='ocrx_word' id='word_1_10' title='bbox 1388 369 1756 444; x_wconf 69' lang='lat' dir='ltr'>Regiminis.</span> 
     </span>
     <span class='ocr_line' id='line_1_3' title="bbox 85 455 1768 543; baseline -0.002 -24"><span class='ocrx_word' id='word_1_11' title='bbox 85 459 277 543; x_wconf 87' lang='lat' dir='ltr'>Apud</span> <span class='ocrx_word' id='word_1_12' title='bbox 315 458 641 519; x_wconf 88' lang='lat' dir='ltr'>Chinenses</span> <span class='ocrx_word' id='word_1_13' title='bbox 666 455 1134 515; x_wconf 82' lang='lat' dir='ltr'>fundamentum</span> <span class='ocrx_word' id='word_1_14' title='bbox 1166 455 1484 534; x_wconf 80' lang='lat' dir='ltr'>regiminis</span> <span class='ocrx_word' id='word_1_15' title='bbox 1523 476 1768 537; x_wconf 80' lang='lat' dir='ltr'><strong>semper</strong></span> 
     </span>
     <span class='ocr_line' id='line_1_4' title="bbox 87 537 1775 626; baseline -0.002 -21"><span class='ocrx_word' id='word_1_16' title='bbox 87 548 207 606; x_wconf 80' lang='lat' dir='ltr'>fuit</span> <span class='ocrx_word' id='word_1_17' title='bbox 239 547 617 619; x_wconf 80' lang='lat' dir='ltr'>obedientia,</span> <span class='ocrx_word' id='word_1_18' title='bbox 666 565 854 626; x_wconf 85' lang='lat' dir='ltr'>quam</span> <span class='ocrx_word' id='word_1_19' title='bbox 894 541 1007 601; x_wconf 85' lang='lat' dir='ltr'>filii</span> <span class='ocrx_word' id='word_1_20' title='bbox 1051 539 1447 623; x_wconf 77' lang='lat' dir='ltr'>parentibus,</span> <span class='ocrx_word' id='word_1_21' title='bbox 1505 537 1567 597; x_wconf 86' lang='lat' dir='ltr'>hi</span> <span class='ocrx_word' id='word_1_22' title='bbox 1621 564 1775 601; x_wconf 79' lang='lat' dir='ltr'>vero</span> 
     </span>
     <span class='ocr_line' id='line_1_5' title="bbox 91 626 1778 718; baseline -0.005 -24"><span class='ocrx_word' id='word_1_23' title='bbox 91 635 545 718; x_wconf 86' lang='lat' dir='ltr'>Imperantibus</span> <span class='ocrx_word' id='word_1_24' title='bbox 598 634 895 691; x_wconf 88' lang='lat' dir='ltr'>continuo</span> <span class='ocrx_word' id='word_1_25' title='bbox 968 628 1263 690; x_wconf 79' lang='lat' dir='ltr'>exhibere</span> <span class='ocrx_word' id='word_1_26' title='bbox 1324 626 1778 709; x_wconf 78' lang='lat' dir='ltr'>obligabantur.</span> 
     </span>
     <span class='ocr_line' id='line_1_6' title="bbox 93 717 1783 805; baseline -0.005 -23"><span class='ocrx_word' id='word_1_27' title='bbox 93 724 281 805; x_wconf 83' lang='lat' dir='ltr'>Viget</span> <span class='ocrx_word' id='word_1_28' title='bbox 325 720 424 779; x_wconf 88' lang='lat' dir='ltr'>hic</span> <span class='ocrx_word' id='word_1_29' title='bbox 471 734 535 780; x_wconf 87' lang='lat' dir='ltr'>et</span> <span class='ocrx_word' id='word_1_30' title='bbox 558 717 742 778; x_wconf 88' lang='lat' dir='ltr'>hodie</span> <span class='ocrx_word' id='word_1_31' title='bbox 787 718 1170 801; x_wconf 86' lang='lat' dir='ltr'>despoticum</span> <span class='ocrx_word' id='word_1_32' title='bbox 1207 717 1577 798; x_wconf 77' lang='lat' dir='ltr'>imperium,</span> <span class='ocrx_word' id='word_1_33' title='bbox 1637 738 1783 774; x_wconf 89' lang='lat' dir='ltr'>nam</span> 
     </span>
     <span class='ocr_line' id='line_1_7' title="bbox 94 803 1778 884; baseline -0.005 -15"><span class='ocrx_word' id='word_1_34' title='bbox 94 806 467 874; x_wconf 87' lang='lat' dir='ltr'>Monarchae</span> <span class='ocrx_word' id='word_1_35' title='bbox 505 807 694 866; x_wconf 86' lang='lat' dir='ltr'>verba</span> <span class='ocrx_word' id='word_1_36' title='bbox 720 820 782 867; x_wconf 92' lang='lat' dir='ltr'>et</span> <span class='ocrx_word' id='word_1_37' title='bbox 797 807 1146 867; x_wconf 87' lang='lat' dir='ltr'>voluntates</span> <span class='ocrx_word' id='word_1_38' title='bbox 1163 803 1518 884; x_wconf 76' lang='lat' dir='ltr'>suntlege33</span> <span class='ocrx_word' id='word_1_39' title='bbox 1565 817 1778 883; x_wconf 84' lang='lat' dir='ltr'>tyran-</span> 
     </span>
     <span class='ocr_line' id='line_1_8' title="bbox 93 894 1787 977; baseline -0.003 -22"><span class='ocrx_word' id='word_1_40' title='bbox 93 897 301 956; x_wconf 90' lang='lat' dir='ltr'>nidem</span> <span class='ocrx_word' id='word_1_41' title='bbox 342 911 543 955; x_wconf 87' lang='lat' dir='ltr'>tamen</span> <span class='ocrx_word' id='word_1_42' title='bbox 607 917 788 977; x_wconf 78' lang='lat' dir='ltr'>aegre</span> <span class='ocrx_word' id='word_1_43' title='bbox 825 908 1083 976; x_wconf 85' lang='lat' dir='ltr'>possunt</span> <span class='ocrx_word' id='word_1_44' title='bbox 1119 912 1443 966; x_wconf 78' lang='lat' dir='ltr'>exercere,</span> <span class='ocrx_word' id='word_1_45' title='bbox 1490 894 1787 973; x_wconf 88' lang='lat' dir='ltr'>quoniam</span> 
     </span>
     <span class='ocr_line' id='line_1_9' title="bbox 94 981 1786 1062; baseline -0.003 -19"><span class='ocrx_word' id='word_1_46' title='bbox 94 985 175 1045; x_wconf 88' lang='lat' dir='ltr'>de</span> <span class='ocrx_word' id='word_1_47' title='bbox 196 983 637 1044; x_wconf 83' lang='lat' dir='ltr'>consvetudine</span> <span class='ocrx_word' id='word_1_48' title='bbox 660 982 1071 1042; x_wconf 85' lang='lat' dir='ltr'>ad-lenitatem</span> <span class='ocrx_word' id='word_1_49' title='bbox 1101 983 1503 1062; x_wconf 77' lang='lat' dir='ltr'>stringantur3</span> <span class='ocrx_word' id='word_1_50' title='bbox 1531 981 1786 1038; x_wconf 86' lang='lat' dir='ltr'>Monar-</span> 
     </span>
     <span class='ocr_line' id='line_1_10' title="bbox 93 1070 1785 1156; baseline -0.005 -23"><span class='ocrx_word' id='word_1_51' title='bbox 93 1071 241 1133; x_wconf 80' lang='lat' dir='ltr'>chae</span> <span class='ocrx_word' id='word_1_52' title='bbox 281 1071 565 1156; x_wconf 89' lang='lat' dir='ltr'>publicus</span> <span class='ocrx_word' id='word_1_53' title='bbox 607 1071 819 1130; x_wconf 85' lang='lat' dir='ltr'>titulus</span> <span class='ocrx_word' id='word_1_54' title='bbox 855 1085 974 1131; x_wconf 79' lang='lat' dir='ltr'>est-2</span> <span class='ocrx_word' id='word_1_55' title='bbox 1024 1074 1230 1130; x_wconf 71' lang='lat' dir='ltr'>Filias</span> <span class='ocrx_word' id='word_1_56' title='bbox 1268 1071 1461 1143; x_wconf 77' lang='lat' dir='ltr'>Coeli,</span> <span class='ocrx_word' id='word_1_57' title='bbox 1516 1070 1785 1125; x_wconf 76' lang='lat' dir='ltr'>Sanctus</span> 
     </span>
     <span class='ocr_line' id='line_1_11' title="bbox 95 1160 1784 1237; baseline -0.004 -18"><span class='ocrx_word' id='word_1_58' title='bbox 95 1164 487 1237; x_wconf 75' lang='lat' dir='ltr'><em>Imperator,</em></span> <span class='ocrx_word' id='word_1_59' title='bbox 548 1162 832 1218; x_wconf 67' lang='lat' dir='ltr'>Summus</span> <span class='ocrx_word' id='word_1_60' title='bbox 877 1172 938 1218; x_wconf 77' lang='lat' dir='ltr'>et</span> <span class='ocrx_word' id='word_1_61' title='bbox 974 1162 1192 1218; x_wconf 74' lang='lat' dir='ltr'>unicus</span> <span class='ocrx_word' id='word_1_62' title='bbox 1233 1160 1614 1216; x_wconf 78' lang='lat' dir='ltr'>Dominator</span> <span class='ocrx_word' id='word_1_63' title='bbox 1658 1170 1784 1214; x_wconf 77' lang='lat' dir='ltr'>ter-</span> 
     </span>
     <span class='ocr_line' id='line_1_12' title="bbox 99 1244 1790 1329; baseline -0.002 -21"><span class='ocrx_word' id='word_1_64' title='bbox 99 1272 214 1308; x_wconf 80' lang='lat' dir='ltr'>rae</span> <span class='ocrx_word' id='word_1_65' title='bbox 232 1294 248 1324; x_wconf 61' lang='lat'><em>9</em></span> <span class='ocrx_word' id='word_1_66' title='bbox 281 1251 695 1308; x_wconf 84' lang='lat' dir='ltr'>communiter</span> <span class='ocrx_word' id='word_1_67' title='bbox 717 1262 927 1308; x_wconf 89' lang='lat' dir='ltr'>autem</span> <span class='ocrx_word' id='word_1_68' title='bbox 957 1248 1154 1305; x_wconf 72' lang='lat' dir='ltr'>Pater</span> <span class='ocrx_word' id='word_1_69' title='bbox 1174 1244 1535 1329; x_wconf 78' lang='lat' dir='ltr'>appellatur.</span> <span class='ocrx_word' id='word_1_70' title='bbox 1557 1244 1790 1329; x_wconf 79' lang='lat' dir='ltr'>Supre-</span> 
     </span>
     <span class='ocr_line' id='line_1_13' title="bbox 94 1332 1789 1419; baseline -0.005 -22"><span class='ocrx_word' id='word_1_71' title='bbox 94 1340 181 1397; x_wconf 86' lang='lat' dir='ltr'>mi</span> <span class='ocrx_word' id='word_1_72' title='bbox 216 1337 495 1397; x_wconf 86' lang='lat' dir='ltr'>officiales</span> <span class='ocrx_word' id='word_1_73' title='bbox 533 1337 823 1419; x_wconf 80' lang='lat' dir='ltr'>Imperii,</span> <span class='ocrx_word' id='word_1_74' title='bbox 868 1337 1244 1393; x_wconf 72' lang='lat' dir='ltr'>stIcmdarim&#39;</span> <span class='ocrx_word' id='word_1_75' title='bbox 1288 1347 1623 1407; x_wconf 81' lang='lat' dir='ltr'>vocantur,</span> <span class='ocrx_word' id='word_1_76' title='bbox 1678 1332 1789 1414; x_wconf 88' lang='lat' dir='ltr'>qui</span> 
     </span>
     <span class='ocr_line' id='line_1_14' title="bbox 100 1422 1786 1504; baseline -0.004 -19"><span class='ocrx_word' id='word_1_77' title='bbox 100 1448 178 1486; x_wconf 74' lang='lat' dir='ltr'>ex</span> <span class='ocrx_word' id='word_1_78' title='bbox 218 1424 512 1499; x_wconf 75' lang='lat' dir='ltr'>eruditis,</span> <span class='ocrx_word' id='word_1_79' title='bbox 561 1425 660 1485; x_wconf 82' lang='lat' dir='ltr'>vel</span> <span class='ocrx_word' id='word_1_80' title='bbox 707 1425 926 1484; x_wconf 88' lang='lat' dir='ltr'>bellica</span> <span class='ocrx_word' id='word_1_81' title='bbox 962 1425 1195 1483; x_wconf 85' lang='lat' dir='ltr'>virtute</span> <span class='ocrx_word' id='word_1_82' title='bbox 1234 1423 1580 1504; x_wconf 84' lang='lat' dir='ltr'>conspicuis</span> <span class='ocrx_word' id='word_1_83' title='bbox 1629 1422 1786 1480; x_wconf 85' lang='lat' dir='ltr'>viris</span> 
     </span>
     <span class='ocr_line' id='line_1_15' title="bbox 100 1505 1789 1596; baseline -0.002 -24"><span class='ocrx_word' id='word_1_84' title='bbox 100 1513 430 1596; x_wconf 57' lang='lat' dir='ltr'>eliguntur„</span> <span class='ocrx_word' id='word_1_85' title='bbox 472 1515 566 1571; x_wconf 78' lang='lat' dir='ltr'>Ex.</span> <span class='ocrx_word' id='word_1_86' title='bbox 597 1512 855 1573; x_wconf 88' lang='lat' dir='ltr'>eruditis</span> <span class='ocrx_word' id='word_1_87' title='bbox 890 1513 1211 1571; x_wconf 86' lang='lat' dir='ltr'>constituit</span> <span class='ocrx_word' id='word_1_88' title='bbox 1243 1505 1582 1569; x_wconf 90' lang='lat' dir='ltr'>Monarcha</span> <span class='ocrx_word' id='word_1_89' title='bbox 1639 1530 1789 1592; x_wconf 81' lang='lat' dir='ltr'>pro—</span> 
     </span>
     <span class='ocr_line' id='line_1_16' title="bbox 98 1597 1793 1683; baseline -0.002 -24"><span class='ocrx_word' id='word_1_90' title='bbox 98 1603 446 1660; x_wconf 81' lang='lat' dir='ltr'>vinciarum</span> <span class='ocrx_word' id='word_1_91' title='bbox 481 1602 800 1683; x_wconf 66' lang='lat' dir='ltr'>Proreges²</span> <span class='ocrx_word' id='word_1_92' title='bbox 848 1600 1241 1659; x_wconf 88' lang='lat' dir='ltr'>Consiliarios</span> <span class='ocrx_word' id='word_1_93' title='bbox 1265 1612 1325 1658; x_wconf 91' lang='lat' dir='ltr'>et</span> <span class='ocrx_word' id='word_1_94' title='bbox 1344 1597 1609 1673; x_wconf 77' lang='lat' dir='ltr'>Judice53</span> <span class='ocrx_word' id='word_1_95' title='bbox 1629 1600 1793 1656; x_wconf 85' lang='lat' dir='ltr'>inter</span> 
     </span>
     <span class='ocr_line' id='line_1_17' title="bbox 99 1686 1793 1772; baseline -0.004 -25"><span class='ocrx_word' id='word_1_96' title='bbox 99 1710 255 1772; x_wconf 83' lang='lat' dir='ltr'>quos</span> <span class='ocrx_word' id='word_1_97' title='bbox 288 1703 379 1748; x_wconf 90' lang='lat' dir='ltr'>est</span> <span class='ocrx_word' id='word_1_98' title='bbox 423 1702 629 1749; x_wconf 88' lang='lat' dir='ltr'>certus</span> <span class='ocrx_word' id='word_1_99' title='bbox 659 1688 851 1761; x_wconf 84' lang='lat' dir='ltr'>ordo,</span> <span class='ocrx_word' id='word_1_100' title='bbox 891 1711 1033 1746; x_wconf 90' lang='lat' dir='ltr'>nam</span> <span class='ocrx_word' id='word_1_101' title='bbox 1080 1690 1354 1746; x_wconf 89' lang='lat' dir='ltr'>minores</span> <span class='ocrx_word' id='word_1_102' title='bbox 1411 1686 1793 1743; x_wconf 80' lang='lat' dir='ltr'>Mandarim’</span> 
     </span>
     <span class='ocr_line' id='line_1_18' title="bbox 96 1770 1789 1860; baseline -0.002 -24"><span class='ocrx_word' id='word_1_103' title='bbox 96 1799 237 1836; x_wconf 89' lang='lat' dir='ltr'>suos</span> <span class='ocrx_word' id='word_1_104' title='bbox 263 1778 646 1860; x_wconf 76' lang='lat' dir='ltr'>superiore53</span> <span class='ocrx_word' id='word_1_105' title='bbox 696 1791 757 1836; x_wconf 91' lang='lat' dir='ltr'>et</span> <span class='ocrx_word' id='word_1_106' title='bbox 805 1774 867 1834; x_wconf 90' lang='lat' dir='ltr'>hi</span> <span class='ocrx_word' id='word_1_107' title='bbox 911 1779 1136 1837; x_wconf 88' lang='lat' dir='ltr'>iterum</span> <span class='ocrx_word' id='word_1_108' title='bbox 1173 1770 1576 1834; x_wconf 87' lang='lat' dir='ltr'>Monarcham</span> <span class='ocrx_word' id='word_1_109' title='bbox 1612 1772 1789 1833; x_wconf 78' lang='lat' dir='ltr'>flexis</span> 
     </span>
     <span class='ocr_line' id='line_1_19' title="bbox 100 1860 1792 1948; baseline -0.002 -23"><span class='ocrx_word' id='word_1_110' title='bbox 100 1865 358 1948; x_wconf 81' lang='lat' dir='ltr'>genibus</span> <span class='ocrx_word' id='word_1_111' title='bbox 388 1865 807 1946; x_wconf 88' lang='lat' dir='ltr'>alloquuntur.</span> <span class='ocrx_word' id='word_1_112' title='bbox 860 1864 1035 1924; x_wconf 90' lang='lat' dir='ltr'>Tales</span> <span class='ocrx_word' id='word_1_113' title='bbox 1058 1861 1504 1923; x_wconf 85' lang='lat' dir='ltr'>Mandariniut</span> <span class='ocrx_word' id='word_1_114' title='bbox 1538 1860 1792 1921; x_wconf 86' lang='lat' dir='ltr'>Judices</span> 
     </span>
     <span class='ocr_line' id='line_1_20' title="bbox 109 1950 1798 2035; baseline -0.002 -24"><span class='ocrx_word' id='word_1_115' title='bbox 109 1956 316 2011; x_wconf 76' lang='lat' dir='ltr'>Tatcm</span> <span class='ocrx_word' id='word_1_116' title='bbox 361 1952 750 2035; x_wconf 82' lang='lat' dir='ltr'>appellantur</span> <span class='ocrx_word' id='word_1_117' title='bbox 775 1998 789 2027; x_wconf 86' lang='grc'>,</span> <span class='ocrx_word' id='word_1_118' title='bbox 823 1955 932 2034; x_wconf 89' lang='lat' dir='ltr'>qui</span> <span class='ocrx_word' id='word_1_119' title='bbox 972 1973 1295 2011; x_wconf 88' lang='lat' dir='ltr'>causarum</span> <span class='ocrx_word' id='word_1_120' title='bbox 1352 1951 1541 2009; x_wconf 85' lang='lat' dir='ltr'>totius</span> <span class='ocrx_word' id='word_1_121' title='bbox 1597 1950 1798 2031; x_wconf 83' lang='lat' dir='ltr'>impe-</span> 
     </span>
     <span class='ocr_line' id='line_1_21' title="bbox 105 2036 1797 2124; baseline -0.004 -24"><span class='ocrx_word' id='word_1_122' title='bbox 105 2042 186 2100; x_wconf 84' lang='lat' dir='ltr'>rii</span> <span class='ocrx_word' id='word_1_123' title='bbox 220 2055 363 2100; x_wconf 88' lang='lat' dir='ltr'>sunt</span> <span class='ocrx_word' id='word_1_124' title='bbox 402 2040 842 2124; x_wconf 83' lang='lat' dir='ltr'>disceptatores</span> <span class='ocrx_word' id='word_1_125' title='bbox 868 2087 883 2115; x_wconf 80' lang='lat'>,</span> <span class='ocrx_word' id='word_1_126' title='bbox 932 2042 995 2098; x_wconf 91' lang='lat' dir='ltr'>in</span> <span class='ocrx_word' id='word_1_127' title='bbox 1045 2038 1577 2097; x_wconf 84' lang='lat' dir='ltr'>administratione</span> <span class='ocrx_word' id='word_1_128' title='bbox 1614 2036 1797 2121; x_wconf 89' lang='lat' dir='ltr'>justi-</span> 
     </span>
     <span class='ocr_line' id='line_1_22' title="bbox 105 2125 1800 2202; baseline -0.002 -13"><span class='ocrx_word' id='word_1_129' title='bbox 105 2132 228 2189; x_wconf 87' lang='lat' dir='ltr'>tiae</span> <span class='ocrx_word' id='word_1_130' title='bbox 273 2131 540 2188; x_wconf 76' lang='lat' dir='ltr'>maxima</span> <span class='ocrx_word' id='word_1_131' title='bbox 586 2143 869 2189; x_wconf 84' lang='lat' dir='ltr'>servatur</span> <span class='ocrx_word' id='word_1_132' title='bbox 914 2130 1243 2202; x_wconf 82' lang='lat' dir='ltr'>severitas,</span> <span class='ocrx_word' id='word_1_133' title='bbox 1302 2125 1575 2185; x_wconf 87' lang='lat' dir='ltr'>latrones</span> <span class='ocrx_word' id='word_1_134' title='bbox 1631 2127 1800 2186; x_wconf 89' lang='lat' dir='ltr'>enim</span> 
     </span>
     <span class='ocr_line' id='line_1_23' title="bbox 98 2213 1798 2301; baseline -0.006 -20"><span class='ocrx_word' id='word_1_135' title='bbox 98 2231 166 2281; x_wconf 76' lang='lat' dir='ltr'>‚et</span> <span class='ocrx_word' id='word_1_136' title='bbox 210 2215 556 2278; x_wconf 84' lang='lat' dir='ltr'>homicidae</span> <span class='ocrx_word' id='word_1_137' title='bbox 595 2219 911 2301; x_wconf 86' lang='lat' dir='ltr'>perpetuis</span> <span class='ocrx_word' id='word_1_138' title='bbox 953 2215 1305 2277; x_wconf 81' lang='lat' dir='ltr'>carceribus</span> <span class='ocrx_word' id='word_1_139' title='bbox 1343 2213 1798 2288; x_wconf 85' lang='lat' dir='ltr'>custodiuntur,</span> 
     </span>
     <span class='ocr_line' id='line_1_24' title="bbox 108 2304 1798 2388; baseline -0.002 -24"><span class='ocrx_word' id='word_1_140' title='bbox 108 2305 305 2366; x_wconf 90' lang='lat' dir='ltr'>donec</span> <span class='ocrx_word' id='word_1_141' title='bbox 336 2304 539 2388; x_wconf 82' lang='lat' dir='ltr'>flagris</span> <span class='ocrx_word' id='word_1_142' title='bbox 582 2319 689 2364; x_wconf 89' lang='lat' dir='ltr'>aut</span> <span class='ocrx_word' id='word_1_143' title='bbox 724 2305 882 2366; x_wconf 87' lang='lat' dir='ltr'>fame</span> <span class='ocrx_word' id='word_1_144' title='bbox 916 2307 1109 2364; x_wconf 72' lang='lat' dir='ltr'>vitam</span> <span class='ocrx_word' id='word_1_145' title='bbox 1128 2307 1419 2365; x_wconf 83' lang='lat' dir='ltr'>miseram</span> <span class='ocrx_word' id='word_1_146' title='bbox 1444 2304 1798 2363; x_wconf 84' lang='lat' dir='ltr'>terminent:</span> 
     </span>
     <span class='ocr_line' id='line_1_25' title="bbox 107 2393 1800 2477; baseline -0.001 -23"><span class='ocrx_word' id='word_1_147' title='bbox 107 2416 292 2477; x_wconf 90' lang='lat' dir='ltr'>penes</span> <span class='ocrx_word' id='word_1_148' title='bbox 335 2416 517 2476; x_wconf 90' lang='lat' dir='ltr'>quam</span> <span class='ocrx_word' id='word_1_149' title='bbox 549 2409 752 2454; x_wconf 89' lang='lat' dir='ltr'>tamen</span> <span class='ocrx_word' id='word_1_150' title='bbox 799 2396 1230 2469; x_wconf 80' lang='lat' dir='ltr'>severitatem,</span> <span class='ocrx_word' id='word_1_151' title='bbox 1273 2393 1609 2453; x_wconf 89' lang='lat' dir='ltr'>sentantiae</span> <span class='ocrx_word' id='word_1_152' title='bbox 1654 2413 1800 2452; x_wconf 77' lang='lat' dir='ltr'>exe-</span> 
     </span>
     <span class='ocr_line' id='line_1_26' title="bbox 111 2480 1802 2557; baseline 0 -18"><span class='ocrx_word' id='word_1_153' title='bbox 111 2484 280 2540; x_wconf 90' lang='lat' dir='ltr'>cutio</span> <span class='ocrx_word' id='word_1_154' title='bbox 322 2481 474 2542; x_wconf 90' lang='lat' dir='ltr'>adeo</span> <span class='ocrx_word' id='word_1_155' title='bbox 508 2497 599 2543; x_wconf 89' lang='lat' dir='ltr'>est</span> <span class='ocrx_word' id='word_1_156' title='bbox 639 2481 814 2541; x_wconf 86' lang='lat' dir='ltr'>tarda</span> <span class='ocrx_word' id='word_1_157' title='bbox 840 2527 856 2557; x_wconf 85' lang='lat'>‚</span> <span class='ocrx_word' id='word_1_158' title='bbox 916 2496 989 2541; x_wconf 91' lang='lat' dir='ltr'>ut</span> <span class='ocrx_word' id='word_1_159' title='bbox 1030 2483 1303 2541; x_wconf 82' lang='lat' dir='ltr'>maxima</span> <span class='ocrx_word' id='word_1_160' title='bbox 1357 2480 1802 2542; x_wconf 77' lang='lat' dir='ltr'>condemnato-</span> 
     </span>
     <span class='ocr_line' id='line_1_27' title="bbox 113 2568 1801 2652; baseline -0.001 -24"><span class='ocrx_word' id='word_1_161' title='bbox 113 2591 252 2628; x_wconf 86' lang='lat' dir='ltr'>rum</span> <span class='ocrx_word' id='word_1_162' title='bbox 295 2591 437 2652; x_wconf 88' lang='lat' dir='ltr'>pars</span> <span class='ocrx_word' id='word_1_163' title='bbox 480 2572 546 2629; x_wconf 89' lang='lat' dir='ltr'>in</span> <span class='ocrx_word' id='word_1_164' title='bbox 583 2570 845 2630; x_wconf 85' lang='lat' dir='ltr'>vinculis</span> <span class='ocrx_word' id='word_1_165' title='bbox 875 2574 1198 2631; x_wconf 86' lang='lat' dir='ltr'>moriatur.</span> <span class='ocrx_word' id='word_1_166' title='bbox 1228 2571 1419 2630; x_wconf 85' lang='lat' dir='ltr'>Fures</span> <span class='ocrx_word' id='word_1_167' title='bbox 1464 2568 1801 2651; x_wconf 78' lang='lat' dir='ltr'>flagriver-</span> 
     </span>
     <span class='ocr_line' id='line_1_28' title="bbox 111 2654 1800 2742; baseline -0.002 -26"><span class='ocrx_word' id='word_1_168' title='bbox 111 2656 367 2717; x_wconf 85' lang='lat' dir='ltr'>berihus</span> <span class='ocrx_word' id='word_1_169' title='bbox 409 2657 845 2718; x_wconf 86' lang='lat' dir='ltr'>crudelissimis</span> <span class='ocrx_word' id='word_1_170' title='bbox 883 2658 1259 2742; x_wconf 86' lang='lat' dir='ltr'>plectuntur.</span> <span class='ocrx_word' id='word_1_171' title='bbox 1303 2657 1551 2716; x_wconf 87' lang='lat' dir='ltr'>Judices</span> <span class='ocrx_word' id='word_1_172' title='bbox 1588 2654 1800 2738; x_wconf 83' lang='lat' dir='ltr'>injusti</span> 
     </span>
     <span class='ocr_line' id='line_1_29' title="bbox 115 2746 1799 2829; baseline -0.002 -23"><span class='ocrx_word' id='word_1_173' title='bbox 115 2766 242 2806; x_wconf 89' lang='lat' dir='ltr'>esse</span> <span class='ocrx_word' id='word_1_174' title='bbox 277 2768 402 2805; x_wconf 88' lang='lat' dir='ltr'>non</span> <span class='ocrx_word' id='word_1_175' title='bbox 445 2761 715 2828; x_wconf 88' lang='lat' dir='ltr'>possunt:</span> <span class='ocrx_word' id='word_1_176' title='bbox 761 2749 908 2829; x_wconf 87' lang='lat' dir='ltr'>quia</span> <span class='ocrx_word' id='word_1_177' title='bbox 936 2768 1205 2806; x_wconf 87' lang='lat' dir='ltr'>summus</span> <span class='ocrx_word' id='word_1_178' title='bbox 1225 2746 1485 2806; x_wconf 88' lang='lat' dir='ltr'>Senatus</span> <span class='ocrx_word' id='word_1_179' title='bbox 1516 2747 1580 2803; x_wconf 88' lang='lat' dir='ltr'>in</span> <span class='ocrx_word' id='word_1_180' title='bbox 1607 2746 1799 2803; x_wconf 87' lang='lat' dir='ltr'>actio-</span> 
     </span>
     <span class='ocr_line' id='line_1_30' title="bbox 110 2832 1801 2917; baseline 0.001 -26"><span class='ocrx_word' id='word_1_181' title='bbox 110 2854 216 2894; x_wconf 88' lang='lat' dir='ltr'>nes</span> <span class='ocrx_word' id='word_1_182' title='bbox 253 2835 289 2891; x_wconf 89' lang='lat' dir='ltr'><strong>J</strong></span> <span class='ocrx_word' id='word_1_183' title='bbox 295 2832 541 2894; x_wconf 87' lang='lat' dir='ltr'>udicum</span> <span class='ocrx_word' id='word_1_184' title='bbox 584 2837 745 2894; x_wconf 88' lang='lat' dir='ltr'>serio</span> <span class='ocrx_word' id='word_1_185' title='bbox 778 2834 1093 2916; x_wconf 79' lang='lat' dir='ltr'>invigilat3</span> <span class='ocrx_word' id='word_1_186' title='bbox 1152 2849 1342 2917; x_wconf 88' lang='lat' dir='ltr'>prout</span> <span class='ocrx_word' id='word_1_187' title='bbox 1373 2848 1436 2894; x_wconf 93' lang='lat' dir='ltr'>et</span> <span class='ocrx_word' id='word_1_188' title='bbox 1473 2832 1663 2893; x_wconf 89' lang='lat' dir='ltr'>oculti</span> <span class='ocrx_word' id='word_1_189' title='bbox 1702 2855 1801 2893; x_wconf 89' lang='lat' dir='ltr'>re-</span> 
     </span>
     <span class='ocr_line' id='line_1_31' title="bbox 113 2921 1803 3005; baseline 0.001 -27"><span class='ocrx_word' id='word_1_190' title='bbox 113 2923 203 3001; x_wconf 78' lang='lat' dir='ltr'>gis</span> <span class='ocrx_word' id='word_1_191' title='bbox 237 2921 658 3005; x_wconf 77' lang='lat' dir='ltr'>exploratores</span> <span class='ocrx_word' id='word_1_192' title='bbox 676 2921 1024 2984; x_wconf 87' lang='lat' dir='ltr'>fidelissime</span> <span class='ocrx_word' id='word_1_193' title='bbox 1040 2921 1596 3004; x_wconf 85' lang='lat' dir='ltr'>Magistratualium</span> <span class='ocrx_word' id='word_1_194' title='bbox 1611 2922 1803 2979; x_wconf 83' lang='lat' dir='ltr'>actio-</span> 
     </span>
     <span class='ocr_line' id='line_1_32' title="bbox 116 3009 1799 3076; baseline 0.001 -8"><span class='ocrx_word' id='word_1_195' title='bbox 116 3031 224 3071; x_wconf 87' lang='lat' dir='ltr'>nes</span> <span class='ocrx_word' id='word_1_196' title='bbox 255 3009 589 3074; x_wconf 84' lang='lat' dir='ltr'>observare</span> <span class='ocrx_word' id='word_1_197' title='bbox 634 3009 848 3075; x_wconf 88' lang='lat' dir='ltr'>solent.</span> <span class='ocrx_word' id='word_1_198' title='bbox 890 3011 1205 3072; x_wconf 86' lang='lat' dir='ltr'>Summam</span> <span class='ocrx_word' id='word_1_199' title='bbox 1237 3013 1640 3076; x_wconf 86' lang='lat' dir='ltr'>attentionem</span> <span class='ocrx_word' id='word_1_200' title='bbox 1671 3030 1799 3069; x_wconf 80' lang='lat' dir='ltr'>me-</span> 
     </span>
    </p>

    <p class='ocr_par' dir='ltr' id='par_1_3' title="bbox 1537 3110 1712 3160">
     <span class='ocr_line' id='line_1_33' title="bbox 1537 3110 1712 3160; baseline -0.011 0"><span class='ocrx_word' id='word_1_201' title='bbox 1537 3110 1712 3160; x_wconf 82' lang='lat' dir='ltr'>retur</span> 
     </span>
    </p>
   </div>
  </div>
 </body>
</html>
