2048 3786
287 171 407 229 118
847 170 1267 228 Historia

189 353 415 412 tationi
458 353 524 411 in
572 354 818 414 oriente
839 354 1230 415 occasionem
1257 351 1450 413 dedit.
1502 351 1799 412 Turbatis
1825 354 1911 411 ita

188 443 594 524 Assyriorum
630 443 821 503 rebus
843 490 858 519 ,
898 445 1108 528 primo
1144 442 1354 518 Medi,
1394 441 1541 503 dein
1577 446 1763 502 etiam
1794 443 1913 500 Ba-

188 532 433 614 bylonii
482 536 546 591 in
585 556 760 616 spem
803 532 1113 593 libertatis
1148 536 1472 593 venientes
1517 530 1908 606 defecerunt,

185 625 402 706 sicque
455 618 861 705 Assyriorum
910 624 1254 706 imperium
1324 645 1439 706 per
1490 620 1912 682 defectionem

187 710 562 772 dissolutum
616 726 742 789 est,
775 736 827 771 a.
870 713 956 772 M.
1012 714 1202 774 5525.
1236 734 1351 772 nec
1384 727 1595 772 tamen
1631 709 1914 769 funditus

187 800 502 877 deletum,
549 824 697 861 nam
739 803 1202 861 Semzaclzeribo
1256 804 1550 862 successit
1594 814 1746 859 natu
1789 800 1912 856 mi—

189 914 313 952 nor
349 894 810 951 Essarlzaddon
854 893 922 973 a.)
986 895 1099 975 qui
1138 891 1291 953 dum
1344 891 1564 953 Medos
1603 889 1679 949 ad
1721 889 1913 949 offici-

189 1004 298 1041 um
347 1002 650 1041 revocare
693 981 1093 1058 intendisset,
1161 981 1253 1040 illi
1279 1004 1424 1042 cum
1450 978 1813 1064 Babyloniis
1849 1000 1913 1038 se

188 1074 255 1130 in
273 1069 522 1153 plenam
551 1070 910 1131 libertatem
931 1087 1349 1132 asseruerunt.
1398 1073 1518 1145 Qui
1542 1086 1748 1130 tamen
1781 1091 1909 1127 non

186 1160 388 1220 multo
430 1174 572 1243 post
617 1163 928 1220 intestinis
960 1161 1236 1220 motibus
1268 1176 1331 1221 et
1356 1163 1739 1243 interregnis
1785 1160 1917 1240 agi-

187 1253 320 1324 tati,
337 1248 545 1308 denuo
563 1249 643 1308 ab
664 1251 1163 1308 Essarffzacldone
1180 1253 1242 1309 in
1267 1253 1607 1333 imperium
1621 1249 1914 1329 Assyrio—

187 1362 332 1400 rum
371 1342 653 1398 revocati
699 1353 861 1398 sunt.
910 1338 1044 1398 Sub
1079 1361 1207 1422 quo
1249 1339 1396 1399 dein
1420 1342 1758 1397 Manasses
1798 1338 1835 1394 J
1843 1359 1912 1394 u-

185 1431 492 1490 daeorum
550 1450 666 1489 rex
704 1442 969 1513 repente
1007 1444 1224 1512 captus
1270 1443 1334 1489 et
1388 1428 1778 1510 Babylonem
1800 1426 1914 1485 ab-

185 1521 407 1580 ductus
454 1533 560 1579 est.
615 1516 802 1578 Unde
836 1532 1010 1603 patet
1060 1518 1442 1600 Babylonios
1484 1517 1693 1578 denuo
1756 1514 1913 1598 juris

183 1611 597 1693 Assyriorum
638 1602 862 1682 fuisse,
897 1607 1099 1668 donec
1140 1611 1623 1686 Nabopallasar
1662 1604 1916 1667 Praefe-

182 1716 320 1761 ctus
345 1696 661 1773 deficiens,
695 1697 862 1783 apud
899 1698 1282 1781 Babylonios
1309 1700 1652 1783 imperium
1692 1717 1914 1756 conse-

185 1806 367 1852 cutus
399 1804 570 1851 esset.
599 1791 661 1871 b)
687 1788 972 1849 Tandem
999 1791 1461 1848 Essarhaclclon
1487 1810 1557 1848 re
1586 1801 1910 1869 utcunque

187 1883 476 1944 restituta
503 1926 519 1956 ‚
567 1901 712 1948 cum
749 1877 1017 1939 Babelae
1042 1881 1139 1938 15.
1164 1901 1358 1938 annos
1386 1892 1705 1960 regnasset
1735 1899 1910 1936 mor-

186 1986 327 2031 tuus
368 1984 494 2046 est,
560 1984 623 2029 et
676 1967 940 2051 reliquit
974 1988 1399 2028 successorem
1445 1969 1914 2027 Saosclaclzeam

185 2063 296 2145 qui
336 2064 434 2122 20.
485 2059 717 2144 quibus
741 2060 1030 2141 regnavit
1061 2060 1237 2117 annis
1257 2104 1273 2133 ,
1315 2060 1615 2118 continua
1640 2056 1725 2116 ob
1750 2054 1916 2116 Azo—

186 2166 322 2211 tum
347 2152 534 2234 gessit
577 2148 743 2209 bella
767 2169 912 2207 cum
947 2150 1411 2207 Psammeticho
1440 2147 1913 2231 Aegyptiorum

186 2263 336 2324 rege
355 2266 382 2314 ;
417 2240 476 2320 c)
522 2237 624 2298 hic
642 2238 793 2299 alias
827 2238 1403 2297 Nabuchodonosor
1426 2240 1667 2321 primus
1692 2234 1912 2320 appel-

186 2331 371 2404 latur,
420 2327 595 2409 cujus
632 2328 857 2389 ducem
881 2329 1301 2403 Holofernem
1333 2329 1606 2385 Jaclitlza
1649 2324 1909 2387 interfe-

183 2423 287 2480 cit.
337 2417 618 2480 Tandem
653 2419 930 2478 moriens
966 2438 1387 2478 successorem
1428 2415 1648 2475 habuit
1697 2417 1914 2475 Chini-

186 2516 489 2570 ladanum
534 2531 640 2568 seu
689 2511 1038 2582 Sar-acam,
1086 2510 1199 2591 qui
1255 2509 1641 2566 Phraortem
1687 2505 1909 2566 Medo-

186 2623 333 2660 rum
365 2621 577 2682 regem
614 2596 851 2659 devicit
873 2643 889 2673 ‚
928 2595 1037 2659 sed
1074 2620 1109 2656 a
1154 2600 1452 2676 Cyaxare
1483 2595 1615 2680 ejus
1651 2594 1781 2656 filio
1814 2597 1912 2654 vi-

182 2705 320 2752 ctus
353 2710 680 2772 regnoque
721 2701 946 2749 exutus
975 2700 1082 2748 est.
1133 2686 1266 2747 Sub
1303 2683 1422 2747 hoc
1463 2689 1673 2770 itaque
1712 2687 1912 2769 impe—

187 2783 356 2841 rium
395 2780 760 2860 Assyricum
784 2775 974 2839 finem
1011 2780 1287 2861 accepit3
1335 2794 1398 2839 et
1420 2800 1567 2836 mox
1612 2799 1756 2835 cum
1790 2776 1911 2834 Ba-

189 2872 461 2955 byloniis
527 2883 591 2930 et
650 2867 865 2952 Medis*
906 2871 971 2926 in
1044 2883 1418 2954 potestatem
1482 2869 1643 2944 Cyri
1713 2870 1904 2925 venit.

1708 2959 1826 3016 Ba-

262 3093 323 3167 a)
359 3092 409 3144 4.
444 3093 575 3161 Reg.
612 3111 658 3143 a.
700 3089 783 3147 19.
821 3089 979 3144 v.37.
1055 3089 1109 3162 b)
1150 3090 1390 3163 Syncell.
1430 3110 1483 3161 p.
1511 3087 1635 3145 210.
1711 3094 1760 3153 c)
1798 3091 1909 3141 Hc-

353 3166 517 3216 rodot
548 3166 610 3216 L.
664 3162 712 3215 2.
750 3182 799 3218 e.
839 3163 957 3215 157.
