2048 3786
769 410 1037 469 PARS
1133 411 1470 472 PRIMA

557 567 1608 653 μΗΙΞΤΟΡιΙΑΕ

329 735 1178 833 UNIVERSALIS
1298 743 1892 838 GENTIUM

248 900 549 955 VETERIS
570 903 1067 971 TESTAMENTI,
1104 910 1246 963 SEU
1264 910 1600 964 HISTORIA
1625 913 1958 981 ANTIQUA

758 1132 1226 1284 Caput
1351 1135 1439 1242 L

256 1339 575 1401 Exhibens
600 1355 859 1401 eventus
881 1342 1099 1401 mundi
1117 1338 1663 1420 AntediluvianOS,
1688 1348 1766 1407 ab
1790 1371 1956 1409 anno

506 1428 725 1489 mundi
780 1434 831 1491 l.
869 1454 1066 1516 usque
1105 1456 1345 1493 annum
1368 1458 1448 1493 m.
1495 1436 1680 1497 1656,

236 1632 287 1712 ᾗ.
329 1634 381 1692 1.
440 1565 960 1710 Geograplzico
995 1671 1026 1679 -
1067 1636 1394 1693 statistz'ca
1451 1636 1621 1692 notio
1719 1637 1953 1693 mundi.

247 1723 547 1783 Omnium
592 1722 764 1805 quod
797 1723 981 1783 nobis
1027 1721 1105 1783 de
1156 1721 1356 1806 figura
1409 1737 1472 1784 et
1514 1719 1735 1784 habitu
1781 1723 1954 1807 globi

240 1818 562 1899 terraquei
588 1825 732 1873 ante
763 1811 1072 1871 diluvium
1110 1835 1187 1872 ex
1225 1813 1470 1872 indiciis
1501 1813 1954 1896 probabiliori-

242 1901 360 1962 bus
400 1905 725 1987 cognitum
753 1918 863 1978 est,
904 1903 1201 1962 innititur
1225 1905 1460 1987 partim
1492 1905 1742 1981 Moysis
1792 1902 1955 1965 rela—

244 1993 543 2070 tionibus,
588 1994 824 2079 partim
860 1991 1076 2054 liberis
1117 2013 1187 2051 ao
1219 2008 1450 2077 suapte
1475 1991 1815 2055 fluentibus
1850 2016 1955 2053 ar—

245 2086 593 2165 gumentis,
627 2098 692 2145 et
728 2081 1236 2143 conclusionibus
1261 2128 1277 2159 ,
1326 2105 1488 2166 quae
1539 2105 1618 2143 ex
1656 2080 1752 2143 his
1787 2082 1952 2145 rela—

243 2173 524 2234 tionibus
561 2171 977 2234 deducuntur.
1024 2174 1255 2230 Aerem
1296 2187 1438 2233 ante
1479 2170 1790 2233 diluvium
1814 2172 1954 2233 lon-

239 2283 316 2345 ge
353 2266 683 2348 puriorem
736 2285 805 2323 ac
842 2261 1278 2347 salubriorem,
1326 2284 1518 2347 quam
1554 2277 1769 2347 postea
1797 2260 1953 2323 fuis-

235 2374 302 2413 se
366 2353 769 2436 exploratum
831 2366 946 2414 est.
1036 2352 1311 2413 Penuria
1357 2366 1566 2413 autem
1608 2353 1944 2428 imbrium,

241 2456 308 2503 et
340 2445 546 2519 iridis,
594 2465 785 2526 quam
821 2439 1111 2503 nonnulli
1135 2440 1460 2519 dictitant'3
1508 2465 1586 2503 ex
1616 2440 1811 2503 solida
1835 2438 1948 2501 hac

240 2533 490 2594 ratione
555 2531 892 2618 rejicienda
950 2546 1075 2593 est:
1126 2533 1275 2615 quia
1331 2531 1522 2592 Orbis
1576 2554 1610 2592 e
1660 2532 1950 2592 manibus

239 2623 481 2682 Summi
515 2623 828 2684 Creatoris
847 2624 1096 2681 nonnisi
1130 2623 1372 2704 optimo
1403 2624 1468 2680 in
1510 2635 1674 2681 statu
1714 2644 1944 2704 prove-

233 2713 374 2772 nire
406 2714 627 2796 potuit.
676 2714 912 2798 Lapsus
943 2708 1246 2786 hominis,
1295 2711 1505 2773 attulit
1555 2709 1817 2794 quidem
1845 2733 1948 2771 su-

237 2823 354 2884 per
391 2824 466 2862 eo
498 2802 797 2862 Divinam
847 2800 1349 2864 maledictionem
1373 2848 1389 2879 ,
1453 2803 1813 2863 misericors
1852 2815 1944 2860 ta-

231 2911 376 2949 men
414 2892 632 2952 Divini
661 2893 950 2955 Numinis
993 2891 1259 2968 bonitas,
1307 2915 1436 2952 non
1475 2894 1622 2953 sivit
1657 2913 1773 2974 per
1812 2912 1945 2950 eam

231 3001 389 3061 opus
410 3004 551 3042 suae
569 2982 1005 3065 providentiae
1025 2983 1304 3043 interire.
1335 2984 1577 3042 Adamo
1596 2994 1660 3041 et
1681 2979 1813 3065 ejus
1831 3002 1943 3065 po—

230 3072 411 3131 steris
453 3094 750 3156 agrorum
779 3073 1025 3135 cultura
1061 3093 1206 3132 cum
1243 3095 1435 3134 onere
1485 3088 1548 3134 et
1592 3074 1770 3157 gravi
1808 3093 1943 3131 mo-

1680 3161 1856 3222 lestia
