2048 3786
355 163 438 224 84
901 166 1332 224 Historia

261 342 500 408 infelici
540 366 684 406 cum
708 342 1003 407 Israelitis
1041 344 1209 408 bello
1241 361 1478 409 temere
1517 358 1822 428 suscepto,
1861 366 1973 403 ur-

262 435 410 497 bem
441 449 505 496 et
536 435 844 520 templum
881 435 961 495 ab
987 430 1060 495 iis
1092 432 1266 521 capi,
1314 437 1614 517 omnique
1639 433 1972 519 splendore

263 547 378 586 suo
422 523 678 609 spoliari
714 523 891 585 vidit.
933 524 1123 585 Hunc
1168 529 1416 610 excepit
1451 528 1639 583 Usias
1682 525 1748 603 α)
1795 522 1972 582 urbis

267 628 333 676 et
356 616 536 697 regni
555 626 974 691 restaurat0r3
1022 637 1212 698 quem
1237 615 1486 698 excepit
1504 613 1670 672 filius
1697 614 1973 686 Joclmm,

270 717 335 766 et
369 699 534 763 hunc
597 706 825 787 impius
885 706 1104 762 Aclz‘as
1137 702 1551 765 Ethnicorum
1599 705 1878 761 imitator
1912 701 1974 780 b)

269 806 334 856 et
370 795 543 852 omni
598 814 828 875 genere
888 797 1405 876 superstitionum
1458 791 1979 852 contaminatissi—

266 903 403 941 mus
429 927 446 956 ,
507 885 618 965 qui
657 881 808 940 dum
856 904 971 966 per
1015 900 1226 964 regem
1264 882 1508 943 Israelis
1530 895 1592 942 et
1626 880 1864 962 Syriae,
1909 878 1977 937 in

267 972 616 1056 perniciem
650 970 1034 1031 Judaeorum
1071 971 1237 1031 hello
1279 985 1710 1055 premeretur,
1771 982 1981 1050 spreta

271 1059 488 1119 divina
527 1082 647 1143 ope
673 1106 688 1131 ,
737 1057 812 1118 ad
854 1059 1155 1118 auxilium
1204 1056 1728 1139 Tiglaqn‘lezczris
1780 1059 2008 1139 Assy-.

271 1150 519 1208 riorum
569 1150 734 1230 regis
789 1147 1192 1230 confugiens,
1256 1171 1319 1210 se
1370 1150 1502 1233 ejus
1545 1171 1798 1209 servum
1853 1169 1981 1208 esse

272 1235 585 1321 professus
619 1250 749 1312 est,
796 1234 971 1319 cujus
1005 1239 1194 1301 etiam
1227 1238 1472 1298 viribus
1497 1259 1765 1319 regnum
1799 1257 1984 1297 suum

269 1328 565 1386 servavit.
615 1327 731 1385 Cui
768 1323 916 1386 dein
965 1326 1270 1386 Successit
1300 1331 1575 1412 optimus
1619 1324 1781 1385 filius
1819 1327 1984 1384 ΕΖΒ.ὃ

277 1417 459 1473 Chias
489 1412 742 1498 pietatis
771 1416 1187 1492 instaurator,
1222 1417 1406 1478 brevi
1436 1415 1656 1500 jugum
1687 1414 1987 1496 Assyrio-

277 1527 424 1564 rum
455 1507 760 1580 excussit,
809 1526 1082 1586 quorum
1103 1507 1266 1588 regis
1314 1505 1722 1565 Senaclzeribi
1756 1502 1987 1564 adven-⁶

276 1607 386 1668 tri,
457 1608 521 1656 et
578 1592 815 1677 jactura
864 1594 1207 1653 multarum
1257 1595 1518 1655 urbium
1570 1596 1985 1680 perterritus,

283 1699 508 1766 magna
555 1685 694 1743 auri
727 1683 793 1742 vi
818 1704 1035 1767 pacem
1061 1684 1375 1746 redimere
1408 1687 1813 1769 properavit,
1856 1704 1984 1764 quo

284 1787 540 1857 accepto
562 1820 577 1848 ,
636 1770 827 1833 hostis
859 1795 1056 1855 quum
1091 1772 1477 1835 deditionem
1513 1777 1571 1834 ei
1610 1789 1830 1833 contra
1879 1770 1986 1829 da²³

287 1876 414 1921 tam
446 1859 633 1922 fidem
662 1865 1021 1944 imperaret,
1070 1878 1133 1922 et
1169 1861 1500 1923 horrendis
1531 1866 1596 1921 in
1629 1864 1830 1922 Deum
1875 1862 1911 1919 J
1917 1883 1990 1918 u-

279 1951 582 2012 daeorum
626 1950 971 2011 maledictis
1030 1967 1353 2027 uteretur,
1405 1955 1595 2012 caesis
1642 1975 1763 2010 una
1804 1964 1989 2011 nocte

277 2063 393 2126 per
409 2034 726 2123 Angelum
761 2042 901 2100 185.
950 2062 1207 2101 suorum
1230 2042 1528 2117 millibus,
1548 2040 1850 2124 inglorius
1876 2039 1989 2099 clo-2

276 2152 451 2189 mum
492 2129 743 2191 redivit.
805 2130 862 2210 c)
928 2129 1177 2191 Elatum
1225 2147 1351 2193 tam
1393 2154 1699 2216 prospero
1760 2144 1991 2191 eventu

276 2220 623 2278 Ezechiam
657 2215 901 2280 lethalis
938 2221 1198 2282 morbus
1223 2224 1569 2307 oppressit,
1621 2243 1698 2280 ex
1739 2241 1867 2303 quo
1907 2219 1986 2278 ab

278 2311 462 2366 Isaia
502 2306 845 2392 propheta,
890 2311 1000 2392 qui
1038 2332 1213 2395 spem
1256 2311 1638 2395 aegrotantis
1672 2331 1989 2393 regressae

284 2400 349 2456 in
399 2395 730 2481 horologio
783 2398 926 2458 solis
959 2401 1219 2462 umbrae
1258 2399 1630 2461 miraculose
1679 2412 1987 2472 erexerat,

282 2502 600 2547 resanatus
654 2491 849 2546 vitam
891 2486 967 2546 ad
1021 2491 1117 2549 14.
1162 2514 1355 2551 annos
1406 2487 1605 2548 adhuc
1655 2489 1985 2573 protraxit.

274 2575 342 2655 d)
391 2577 699 2637 Successit
756 2579 815 2637 ei
872 2579 1206 2638 Manasses
1263 2582 1603 2665 impiorum
1635 2573 1988 2638 crudelissi‘-

1758 2689 1896 2727 mus

342 2854 403 2930 a)
447 2856 579 2911 ibid.
607 2876 663 2936 ‚⁰⁵
704 2856 1059 2961 2633Joseph.
1094 2859 1271 2930 antiq.
1313 2859 1380 2915 L.
1420 2858 1475 2915 9.
1514 2856 1668 2937 &413
1742 2853 1796 2926 b)
1836 2854 1901 2909 L.
1934 2852 1984 2907 2.

437 2930 544 3053 ἷεῖἷ
547 2928 678 3053 ‘1¹39‘
707 2950 762 3071 {55
801 2926 1981 3069 45³1.-t22..1z2.{ee-„ffatpssesafft&aas

434 3069 656 3138 sephus.
690 3072 858 3134 antiq.
894 3071 957 3125 L.
999 3071 1052 3126 9.
1095 3092 1143 3127 e.
1183 3070 1269 3128 13.
1301 3075 1368 3131 L.
1412 3070 1499 3129 10.
1534 3090 1582 3126 0.
1620 3068 1672 3126 1·
1702 3078 1754 3122 ct
1791 3066 1845 3125 2.
1920 3065 1978 3137 a')

434 3138 485 3195 4.
523 3140 658 3210 Reg.
696 3161 744 3195 e.
777 3140 865 3196 ΞΟ.
898 3159 953 3196 V.
994 3141 1048 3198 9.
1079 3161 1228 3216 seqq.
