<?xml version="1.0" encoding="UTF-8"?>
<!DOCTYPE html PUBLIC "-//W3C//DTD XHTML 1.0 Transitional//EN"
    "http://www.w3.org/TR/xhtml1/DTD/xhtml1-transitional.dtd">
<html xmlns="http://www.w3.org/1999/xhtml" xml:lang="en" lang="en">
 <head>
  <title>
</title>
<meta http-equiv="Content-Type" content="text/html;charset=utf-8" />
  <meta name='ocr-system' content='tesseract 3.04.00' />
  <meta name='ocr-capabilities' content='ocr_page ocr_carea ocr_par ocr_line ocrx_word'/>
</head>
<body>
  <div class='ocr_page' id='page_1' title='image "./historiauniversa01nagy_0035.png"; bbox 0 0 2048 3786; ppageno 0'>
   <div class='ocr_carea' id='block_1_1' title="bbox 1694 199 1716 208">
    <p class='ocr_par' dir='ltr' id='par_1_1' title="bbox 1694 199 1716 208">
     <span class='ocr_line' id='line_1_1' title="bbox 1694 199 1716 208; baseline 0 -2"><span class='ocrx_word' id='word_1_1' title='bbox 1694 199 1716 208; x_wconf 53' lang='lat' dir='ltr'><em>a</em></span> 
     </span>
    </p>
   </div>
   <div class='ocr_carea' id='block_1_2' title="bbox 1688 215 1720 254">
    <p class='ocr_par' dir='ltr' id='par_1_2' title="bbox 1688 215 1720 254">
     <span class='ocr_line' id='line_1_2' title="bbox 1688 215 1720 254; baseline 0 0"><span class='ocrx_word' id='word_1_2' title='bbox 1688 215 1720 254; x_wconf 76' lang='lat' dir='ltr'>D</span> 
     </span>
    </p>
   </div>
   <div class='ocr_carea' id='block_1_3' title="bbox 106 375 1823 2939">
    <p class='ocr_par' dir='ltr' id='par_1_3' title="bbox 106 375 1814 1585">
     <span class='ocr_line' id='line_1_3' title="bbox 121 375 1811 459; baseline -0.001 -22"><span class='ocrx_word' id='word_1_3' title='bbox 121 377 374 437; x_wconf 81' lang='lat' dir='ltr'>Amstel.</span> <span class='ocrx_word' id='word_1_4' title='bbox 436 378 617 438; x_wconf 75' lang='lat'>1699.</span> <span class='ocrx_word' id='word_1_5' title='bbox 647 377 710 433; x_wconf 88' lang='lat' dir='ltr'>in</span> <span class='ocrx_word' id='word_1_6' title='bbox 735 377 791 434; x_wconf 84' lang='lat'>4.</span> <span class='ocrx_word' id='word_1_7' title='bbox 821 375 1200 458; x_wconf 86' lang='lat' dir='ltr'>Interpretes</span> <span class='ocrx_word' id='word_1_8' title='bbox 1227 375 1411 433; x_wconf 90' lang='lat' dir='ltr'>totius</span> <span class='ocrx_word' id='word_1_9' title='bbox 1439 376 1504 432; x_wconf 74' lang='lat' dir='ltr'>S,</span> <span class='ocrx_word' id='word_1_10' title='bbox 1525 375 1811 459; x_wconf 83' lang='lat' dir='ltr'>Scriptu-</span> 
     </span>
     <span class='ocr_line' id='line_1_4' title="bbox 109 461 1807 548; baseline 0.001 -27"><span class='ocrx_word' id='word_1_11' title='bbox 109 487 211 524; x_wconf 83' lang='lat' dir='ltr'>rae</span> <span class='ocrx_word' id='word_1_12' title='bbox 236 511 251 539; x_wconf 79' lang='grc'>,</span> <span class='ocrx_word' id='word_1_13' title='bbox 300 479 405 524; x_wconf 87' lang='lat' dir='ltr'>aut</span> <span class='ocrx_word' id='word_1_14' title='bbox 445 461 853 548; x_wconf 87' lang='lat' dir='ltr'>quarumdam</span> <span class='ocrx_word' id='word_1_15' title='bbox 885 462 1266 522; x_wconf 88' lang='lat' dir='ltr'>delectarum</span> <span class='ocrx_word' id='word_1_16' title='bbox 1285 463 1647 521; x_wconf 82' lang='lat' dir='ltr'><strong>sectionum.</strong></span> <span class='ocrx_word' id='word_1_17' title='bbox 1677 466 1807 523; x_wconf 88' lang='lat' dir='ltr'>Au-</span> 
     </span>
     <span class='ocr_line' id='line_1_5' title="bbox 110 549 1810 624; baseline 0.001 -15"><span class='ocrx_word' id='word_1_18' title='bbox 110 566 313 613; x_wconf 88' lang='lat' dir='ltr'>ctores</span> <span class='ocrx_word' id='word_1_19' title='bbox 348 554 662 612; x_wconf 84' lang='lat' dir='ltr'>Historiae</span> <span class='ocrx_word' id='word_1_20' title='bbox 682 550 1141 612; x_wconf 87' lang='lat' dir='ltr'>Ecclesiasticae</span> <span class='ocrx_word' id='word_1_21' title='bbox 1160 550 1235 609; x_wconf 88' lang='lat' dir='ltr'>V.</span> <span class='ocrx_word' id='word_1_22' title='bbox 1262 549 1661 624; x_wconf 79' lang='lat' dir='ltr'><strong>Testamenti,</strong></span> <span class='ocrx_word' id='word_1_23' title='bbox 1685 556 1777 610; x_wconf 91' lang='lat' dir='ltr'>uti</span> <span class='ocrx_word' id='word_1_24' title='bbox 1800 575 1810 609; x_wconf 92' lang='lat'><strong>:</strong></span> 
     </span>
     <span class='ocr_line' id='line_1_6' title="bbox 108 636 1812 701; baseline 0.002 -7"><span class='ocrx_word' id='word_1_25' title='bbox 108 642 198 698; x_wconf 84' lang='lat' dir='ltr'>J0.</span> <span class='ocrx_word' id='word_1_26' title='bbox 245 643 609 699; x_wconf 64' lang='lat' dir='ltr'>Hlarslzami</span> <span class='ocrx_word' id='word_1_27' title='bbox 653 641 867 699; x_wconf 88' lang='lat' dir='ltr'>Canon</span> <span class='ocrx_word' id='word_1_28' title='bbox 916 636 1277 698; x_wconf 88' lang='lat' dir='ltr'>Chronicus.</span> <span class='ocrx_word' id='word_1_29' title='bbox 1330 637 1598 698; x_wconf 86' lang='lat' dir='ltr'>Londin.</span> <span class='ocrx_word' id='word_1_30' title='bbox 1629 641 1812 701; x_wconf 81' lang='lat'>1672.</span> 
     </span>
     <span class='ocr_line' id='line_1_7' title="bbox 112 727 1813 807; baseline -0.001 -21"><span class='ocrx_word' id='word_1_31' title='bbox 112 727 150 786; x_wconf 89' lang='lat' dir='ltr'>f.</span> <span class='ocrx_word' id='word_1_32' title='bbox 183 732 277 786; x_wconf 88' lang='lat' dir='ltr'>J0.</span> <span class='ocrx_word' id='word_1_33' title='bbox 304 732 507 786; x_wconf 70' lang='lat' dir='ltr'>Hear.</span> <span class='ocrx_word' id='word_1_34' title='bbox 546 731 942 807; x_wconf 75' lang='lat' dir='ltr'>Heideggeri</span> <span class='ocrx_word' id='word_1_35' title='bbox 968 727 1046 787; x_wconf 89' lang='lat' dir='ltr'>de</span> <span class='ocrx_word' id='word_1_36' title='bbox 1071 727 1351 787; x_wconf 80' lang='lat' dir='ltr'>Historia</span> <span class='ocrx_word' id='word_1_37' title='bbox 1392 727 1576 785; x_wconf 84' lang='lat' dir='ltr'>Sacra</span> <span class='ocrx_word' id='word_1_38' title='bbox 1611 729 1813 787; x_wconf 77' lang='lat' dir='ltr'>Patri-</span> 
     </span>
     <span class='ocr_line' id='line_1_8' title="bbox 108 814 1812 896; baseline 0.001 -23"><span class='ocrx_word' id='word_1_39' title='bbox 108 814 434 876; x_wconf 88' lang='lat' dir='ltr'>archarum</span> <span class='ocrx_word' id='word_1_40' title='bbox 470 818 944 878; x_wconf 82' lang='lat' dir='ltr'>exercitationes</span> <span class='ocrx_word' id='word_1_41' title='bbox 978 816 1254 877; x_wconf 80' lang='lat' dir='ltr'>selectae.</span> <span class='ocrx_word' id='word_1_42' title='bbox 1294 817 1514 896; x_wconf 80' lang='lat' dir='ltr'>Tiguri</span> <span class='ocrx_word' id='word_1_43' title='bbox 1561 819 1635 876; x_wconf 88' lang='lat'>17</span> <span class='ocrx_word' id='word_1_44' title='bbox 1647 816 1743 878; x_wconf 82' lang='lat'>29.</span> <span class='ocrx_word' id='word_1_45' title='bbox 1768 817 1812 874; x_wconf 94' lang='grc' dir='ltr'>Ι.</span> 
     </span>
     <span class='ocr_line' id='line_1_9' title="bbox 109 903 1813 979; baseline 0 -15"><span class='ocrx_word' id='word_1_46' title='bbox 109 905 181 964; x_wconf 86' lang='lat' dir='ltr'>R.</span> <span class='ocrx_word' id='word_1_47' title='bbox 228 906 291 963; x_wconf 87' lang='lat' dir='ltr'>C.</span> <span class='ocrx_word' id='word_1_48' title='bbox 330 906 612 965; x_wconf 81' lang='lat' dir='ltr'>Historia</span> <span class='ocrx_word' id='word_1_49' title='bbox 646 905 723 965; x_wconf 87' lang='lat' dir='ltr'>V.</span> <span class='ocrx_word' id='word_1_50' title='bbox 767 906 1143 965; x_wconf 84' lang='lat' dir='ltr'>Testamenti</span> <span class='ocrx_word' id='word_1_51' title='bbox 1188 903 1668 979; x_wconf 81' lang='lat' dir='ltr'>antediluviana‚</span> <span class='ocrx_word' id='word_1_52' title='bbox 1715 927 1813 964; x_wconf 88' lang='lat' dir='ltr'>re—</span> 
     </span>
     <span class='ocr_line' id='line_1_10' title="bbox 107 992 1809 1077; baseline 0 -27"><span class='ocrx_word' id='word_1_53' title='bbox 107 995 344 1052; x_wconf 85' lang='lat' dir='ltr'>centius</span> <span class='ocrx_word' id='word_1_54' title='bbox 399 993 657 1053; x_wconf 87' lang='lat' dir='ltr'>collecta</span> <span class='ocrx_word' id='word_1_55' title='bbox 667 1018 688 1077; x_wconf 73' lang='lat'>5</span> <span class='ocrx_word' id='word_1_56' title='bbox 757 1008 820 1054; x_wconf 86' lang='lat' dir='ltr'>et</span> <span class='ocrx_word' id='word_1_57' title='bbox 873 993 1415 1053; x_wconf 83' lang='lat' dir='ltr'>observationibus</span> <span class='ocrx_word' id='word_1_58' title='bbox 1492 992 1809 1053; x_wconf 81' lang='lat' dir='ltr'>illustrata.</span> 
     </span>
     <span class='ocr_line' id='line_1_11' title="bbox 107 1081 1812 1163; baseline 0 -24"><span class='ocrx_word' id='word_1_59' title='bbox 107 1081 351 1163; x_wconf 87' lang='lat' dir='ltr'>Lipsiae</span> <span class='ocrx_word' id='word_1_60' title='bbox 394 1086 577 1143; x_wconf 82' lang='lat'>1722.</span> <span class='ocrx_word' id='word_1_61' title='bbox 628 1084 683 1142; x_wconf 83' lang='lat'>4.</span> <span class='ocrx_word' id='word_1_62' title='bbox 733 1085 970 1148; x_wconf 77' lang='lat' dir='ltr'>Calmet</span> <span class='ocrx_word' id='word_1_63' title='bbox 1006 1083 1176 1159; x_wconf 71' lang='lat' dir='ltr'>Aug.</span> <span class='ocrx_word' id='word_1_64' title='bbox 1219 1081 1675 1141; x_wconf 87' lang='lat' dir='ltr'>Dictionarium</span> <span class='ocrx_word' id='word_1_65' title='bbox 1710 1082 1812 1140; x_wconf 83' lang='lat' dir='ltr'>Bi-</span> 
     </span>
     <span class='ocr_line' id='line_1_12' title="bbox 113 1168 1810 1255; baseline 0.001 -29"><span class='ocrx_word' id='word_1_66' title='bbox 113 1168 363 1228; x_wconf 89' lang='lat' dir='ltr'>blicum.</span> <span class='ocrx_word' id='word_1_67' title='bbox 390 1206 475 1214; x_wconf 90' lang='grc'>--</span> <span class='ocrx_word' id='word_1_68' title='bbox 491 1169 973 1231; x_wconf 86' lang='lat' dir='ltr'>Recentioribus</span> <span class='ocrx_word' id='word_1_69' title='bbox 991 1183 1195 1230; x_wconf 87' lang='lat' dir='ltr'>autem</span> <span class='ocrx_word' id='word_1_70' title='bbox 1217 1170 1600 1255; x_wconf 85' lang='lat' dir='ltr'>temporibus</span> <span class='ocrx_word' id='word_1_71' title='bbox 1625 1192 1810 1251; x_wconf 87' lang='lat' dir='ltr'>quam</span> 
     </span>
     <span class='ocr_line' id='line_1_13' title="bbox 106 1257 1814 1343; baseline 0.001 -28"><span class='ocrx_word' id='word_1_72' title='bbox 106 1257 405 1340; x_wconf 88' lang='lat' dir='ltr'>plurimi,</span> <span class='ocrx_word' id='word_1_73' title='bbox 454 1281 611 1342; x_wconf 89' lang='lat' dir='ltr'>quos</span> <span class='ocrx_word' id='word_1_74' title='bbox 656 1281 774 1343; x_wconf 83' lang='lat' dir='ltr'>pro</span> <span class='ocrx_word' id='word_1_75' title='bbox 815 1262 1059 1320; x_wconf 88' lang='lat' dir='ltr'>ratione</span> <span class='ocrx_word' id='word_1_76' title='bbox 1104 1281 1321 1320; x_wconf 88' lang='lat' dir='ltr'>rerum</span> <span class='ocrx_word' id='word_1_77' title='bbox 1359 1260 1483 1318; x_wconf 87' lang='lat' dir='ltr'>suis</span> <span class='ocrx_word' id='word_1_78' title='bbox 1520 1258 1668 1319; x_wconf 87' lang='lat' dir='ltr'>locis</span> <span class='ocrx_word' id='word_1_79' title='bbox 1706 1257 1814 1316; x_wconf 83' lang='lat' dir='ltr'>ad-</span> 
     </span>
     <span class='ocr_line' id='line_1_14' title="bbox 109 1345 1811 1431; baseline 0 -26"><span class='ocrx_word' id='word_1_80' title='bbox 109 1345 377 1407; x_wconf 85' lang='lat' dir='ltr'>feremus</span> <span class='ocrx_word' id='word_1_81' title='bbox 398 1372 414 1422; x_wconf 84' lang='lat'>3</span> <span class='ocrx_word' id='word_1_82' title='bbox 461 1350 760 1430; x_wconf 87' lang='lat' dir='ltr'>quoniam</span> <span class='ocrx_word' id='word_1_83' title='bbox 796 1347 1023 1431; x_wconf 82' lang='lat' dir='ltr'>singuli</span> <span class='ocrx_word' id='word_1_84' title='bbox 1076 1346 1139 1405; x_wconf 87' lang='lat' dir='ltr'>id</span> <span class='ocrx_word' id='word_1_85' title='bbox 1176 1349 1515 1409; x_wconf 86' lang='lat' dir='ltr'>memoriae</span> <span class='ocrx_word' id='word_1_86' title='bbox 1552 1346 1811 1426; x_wconf 81' lang='lat' dir='ltr'>dignum</span> 
     </span>
     <span class='ocr_line' id='line_1_15' title="bbox 108 1435 1812 1520; baseline 0.001 -27"><span class='ocrx_word' id='word_1_87' title='bbox 108 1451 519 1509; x_wconf 82' lang='lat' dir='ltr'>censuerunt,</span> <span class='ocrx_word' id='word_1_88' title='bbox 563 1435 732 1518; x_wconf 88' lang='lat' dir='ltr'>quod</span> <span class='ocrx_word' id='word_1_89' title='bbox 758 1438 1035 1520; x_wconf 88' lang='lat' dir='ltr'>ipsorum</span> <span class='ocrx_word' id='word_1_90' title='bbox 1068 1438 1338 1511; x_wconf 84' lang='lat' dir='ltr'>animos,</span> <span class='ocrx_word' id='word_1_91' title='bbox 1371 1435 1812 1519; x_wconf 82' lang='lat' dir='ltr'>cogitandique</span> 
     </span>
     <span class='ocr_line' id='line_1_16' title="bbox 110 1523 1524 1585; baseline 0.001 -4"><span class='ocrx_word' id='word_1_92' title='bbox 110 1545 178 1582; x_wconf 84' lang='lat' dir='ltr'>ac</span> <span class='ocrx_word' id='word_1_93' title='bbox 226 1524 535 1585; x_wconf 88' lang='lat' dir='ltr'>sentiendi</span> <span class='ocrx_word' id='word_1_94' title='bbox 574 1527 844 1585; x_wconf 88' lang='lat' dir='ltr'>rationes</span> <span class='ocrx_word' id='word_1_95' title='bbox 901 1523 1126 1584; x_wconf 87' lang='lat' dir='ltr'>fortius</span> <span class='ocrx_word' id='word_1_96' title='bbox 1169 1538 1524 1585; x_wconf 86' lang='lat' dir='ltr'>moverunt.</span> 
     </span>
    </p>

    <p class='ocr_par' dir='ltr' id='par_1_4' title="bbox 110 1612 1823 2939">
     <span class='ocr_line' id='line_1_17' title="bbox 239 1612 1812 1695; baseline 0.001 -25"><span class='ocrx_word' id='word_1_97' title='bbox 239 1613 285 1691; x_wconf 60' lang='grc' dir='ltr'><strong>ᾗ.</strong></span> <span class='ocrx_word' id='word_1_98' title='bbox 312 1614 364 1672; x_wconf 86' lang='grc'><strong>5.</strong></span> <span class='ocrx_word' id='word_1_99' title='bbox 394 1615 702 1671; x_wconf 75' lang='lat' dir='ltr'>Szcbsidc‘a.</span> <span class='ocrx_word' id='word_1_100' title='bbox 726 1613 886 1672; x_wconf 89' lang='lat' dir='ltr'>Sunt</span> <span class='ocrx_word' id='word_1_101' title='bbox 911 1612 1217 1695; x_wconf 84' lang='lat' dir='ltr'>quaedam</span> <span class='ocrx_word' id='word_1_102' title='bbox 1242 1615 1552 1687; x_wconf 74' lang='lat' dir='ltr'>scientiae,</span> <span class='ocrx_word' id='word_1_103' title='bbox 1582 1613 1812 1695; x_wconf 86' lang='lat' dir='ltr'>quibus</span> 
     </span>
     <span class='ocr_line' id='line_1_18' title="bbox 112 1699 1811 1775; baseline 0.001 -16"><span class='ocrx_word' id='word_1_104' title='bbox 112 1699 265 1760; x_wconf 83' lang='lat' dir='ltr'>adeo</span> <span class='ocrx_word' id='word_1_105' title='bbox 303 1715 506 1760; x_wconf 90' lang='lat' dir='ltr'>arctus</span> <span class='ocrx_word' id='word_1_106' title='bbox 554 1716 645 1763; x_wconf 85' lang='lat' dir='ltr'>est</span> <span class='ocrx_word' id='word_1_107' title='bbox 681 1723 825 1760; x_wconf 85' lang='lat' dir='ltr'>cum</span> <span class='ocrx_word' id='word_1_108' title='bbox 865 1701 1143 1761; x_wconf 86' lang='lat' dir='ltr'>Historia</span> <span class='ocrx_word' id='word_1_109' title='bbox 1197 1723 1434 1775; x_wconf 77' lang='lat' dir='ltr'>nexus,</span> <span class='ocrx_word' id='word_1_110' title='bbox 1494 1715 1564 1760; x_wconf 87' lang='lat' dir='ltr'>ut</span> <span class='ocrx_word' id='word_1_111' title='bbox 1612 1702 1811 1760; x_wconf 81' lang='lat' dir='ltr'>subsi—</span> 
     </span>
     <span class='ocr_line' id='line_1_19' title="bbox 112 1787 1814 1872; baseline 0.001 -26"><span class='ocrx_word' id='word_1_112' title='bbox 112 1787 216 1849; x_wconf 93' lang='lat' dir='ltr'>dio</span> <span class='ocrx_word' id='word_1_113' title='bbox 253 1811 467 1848; x_wconf 86' lang='lat' dir='ltr'>earum</span> <span class='ocrx_word' id='word_1_114' title='bbox 506 1811 721 1850; x_wconf 87' lang='lat' dir='ltr'>carere</span> <span class='ocrx_word' id='word_1_115' title='bbox 747 1811 876 1849; x_wconf 91' lang='lat' dir='ltr'>non</span> <span class='ocrx_word' id='word_1_116' title='bbox 901 1791 1127 1872; x_wconf 86' lang='lat' dir='ltr'>possit,</span> <span class='ocrx_word' id='word_1_117' title='bbox 1177 1811 1334 1871; x_wconf 88' lang='lat' dir='ltr'>quae</span> <span class='ocrx_word' id='word_1_118' title='bbox 1371 1789 1666 1847; x_wconf 75' lang='lat' dir='ltr'>Szcbsiclia</span> <span class='ocrx_word' id='word_1_119' title='bbox 1708 1811 1814 1850; x_wconf 87' lang='lat' dir='ltr'>seu</span> 
     </span>
     <span class='ocr_line' id='line_1_20' title="bbox 114 1875 1815 1960; baseline 0 -23"><span class='ocrx_word' id='word_1_120' title='bbox 114 1880 384 1937; x_wconf 75' lang='lat' dir='ltr'>Auxilia</span> <span class='ocrx_word' id='word_1_121' title='bbox 423 1878 741 1938; x_wconf 87' lang='lat' dir='ltr'>Historica</span> <span class='ocrx_word' id='word_1_122' title='bbox 771 1891 1214 1960; x_wconf 86' lang='lat' dir='ltr'>nuncupantur</span> <span class='ocrx_word' id='word_1_123' title='bbox 1236 1923 1251 1952; x_wconf 82' lang='grc'>,</span> <span class='ocrx_word' id='word_1_124' title='bbox 1288 1880 1420 1936; x_wconf 90' lang='lat' dir='ltr'>uti:</span> <span class='ocrx_word' id='word_1_125' title='bbox 1468 1875 1815 1937; x_wconf 89' lang='lat' dir='ltr'>Chronolo-</span> 
     </span>
     <span class='ocr_line' id='line_1_21' title="bbox 112 1962 1815 2050; baseline 0.001 -27"><span class='ocrx_word' id='word_1_126' title='bbox 112 1968 208 2048; x_wconf 81' lang='lat' dir='ltr'>gia</span> <span class='ocrx_word' id='word_1_127' title='bbox 235 2012 250 2041; x_wconf 86' lang='grc'>,</span> <span class='ocrx_word' id='word_1_128' title='bbox 336 1964 729 2050; x_wconf 81' lang='lat' dir='ltr'>Geographia</span> <span class='ocrx_word' id='word_1_129' title='bbox 756 2012 770 2041; x_wconf 86' lang='lat'>,</span> <span class='ocrx_word' id='word_1_130' title='bbox 836 1964 1254 2048; x_wconf 88' lang='lat' dir='ltr'>Diplomatica</span> <span class='ocrx_word' id='word_1_131' title='bbox 1279 2013 1292 2040; x_wconf 87' lang='lat'><strong><em>‚</em></strong></span> <span class='ocrx_word' id='word_1_132' title='bbox 1355 1962 1772 2049; x_wconf 82' lang='lat' dir='ltr'>Sphragistica</span> <span class='ocrx_word' id='word_1_133' title='bbox 1801 2014 1815 2041; x_wconf 88' lang='lat'>‚</span> 
     </span>
     <span class='ocr_line' id='line_1_22' title="bbox 110 2053 1815 2138; baseline 0.002 -26"><span class='ocrx_word' id='word_1_134' title='bbox 110 2054 475 2130; x_wconf 87' lang='lat' dir='ltr'>Heraldica,</span> <span class='ocrx_word' id='word_1_135' title='bbox 524 2056 1005 2130; x_wconf 78' lang='lat' dir='ltr'>Numismatica‚</span> <span class='ocrx_word' id='word_1_136' title='bbox 1054 2055 1466 2138; x_wconf 81' lang='lat' dir='ltr'>Genealogia,</span> <span class='ocrx_word' id='word_1_137' title='bbox 1533 2053 1815 2116; x_wconf 88' lang='lat' dir='ltr'>Archeo—</span> 
     </span>
     <span class='ocr_line' id='line_1_23' title="bbox 114 2141 1815 2228; baseline 0.004 -29"><span class='ocrx_word' id='word_1_138' title='bbox 114 2141 275 2225; x_wconf 81' lang='lat' dir='ltr'>logia</span> <span class='ocrx_word' id='word_1_139' title='bbox 300 2190 314 2218; x_wconf 81' lang='grc'>,</span> <span class='ocrx_word' id='word_1_140' title='bbox 356 2144 666 2204; x_wconf 85' lang='lat' dir='ltr'>Statistica</span> <span class='ocrx_word' id='word_1_141' title='bbox 699 2158 810 2204; x_wconf 80' lang='lat' dir='ltr'>etc,</span> <span class='ocrx_word' id='word_1_142' title='bbox 861 2144 954 2203; x_wconf 88' lang='lat' dir='ltr'>De</span> <span class='ocrx_word' id='word_1_143' title='bbox 993 2144 1224 2226; x_wconf 82' lang='lat' dir='ltr'>quibus</span> <span class='ocrx_word' id='word_1_144' title='bbox 1267 2146 1538 2205; x_wconf 87' lang='lat' dir='ltr'>scientiis</span> <span class='ocrx_word' id='word_1_145' title='bbox 1584 2167 1815 2228; x_wconf 87' lang='lat' dir='ltr'>perpo—</span> 
     </span>
     <span class='ocr_line' id='line_1_24' title="bbox 112 2231 1819 2317; baseline 0.002 -28"><span class='ocrx_word' id='word_1_146' title='bbox 112 2231 235 2290; x_wconf 89' lang='lat' dir='ltr'>litis</span> <span class='ocrx_word' id='word_1_147' title='bbox 261 2278 277 2307; x_wconf 78' lang='grc'>,</span> <span class='ocrx_word' id='word_1_148' title='bbox 325 2235 415 2291; x_wconf 90' lang='lat' dir='ltr'>uti</span> <span class='ocrx_word' id='word_1_149' title='bbox 449 2248 510 2293; x_wconf 92' lang='lat' dir='ltr'>et</span> <span class='ocrx_word' id='word_1_150' title='bbox 547 2232 622 2294; x_wconf 88' lang='lat' dir='ltr'>de</span> <span class='ocrx_word' id='word_1_151' title='bbox 666 2232 824 2293; x_wconf 90' lang='lat' dir='ltr'>Arte</span> <span class='ocrx_word' id='word_1_152' title='bbox 862 2234 1091 2291; x_wconf 84' lang='lat' dir='ltr'>Critica</span> <span class='ocrx_word' id='word_1_153' title='bbox 1114 2279 1128 2307; x_wconf 85' lang='lat'>,</span> <span class='ocrx_word' id='word_1_154' title='bbox 1165 2255 1284 2315; x_wconf 85' lang='lat' dir='ltr'>pro</span> <span class='ocrx_word' id='word_1_155' title='bbox 1323 2232 1680 2317; x_wconf 85' lang='lat' dir='ltr'>compendii</span> <span class='ocrx_word' id='word_1_156' title='bbox 1718 2257 1819 2292; x_wconf 89' lang='lat' dir='ltr'>ra-</span> 
     </span>
     <span class='ocr_line' id='line_1_25' title="bbox 113 2321 1819 2405; baseline 0.002 -27"><span class='ocrx_word' id='word_1_157' title='bbox 113 2323 318 2394; x_wconf 82' lang='lat' dir='ltr'>tione,</span> <span class='ocrx_word' id='word_1_158' title='bbox 370 2324 434 2380; x_wconf 89' lang='lat' dir='ltr'>in</span> <span class='ocrx_word' id='word_1_159' title='bbox 468 2321 744 2382; x_wconf 78' lang='lat' dir='ltr'>Historia</span> <span class='ocrx_word' id='word_1_160' title='bbox 795 2324 1178 2404; x_wconf 80' lang='lat' dir='ltr'>Pragmatica</span> <span class='ocrx_word' id='word_1_161' title='bbox 1237 2323 1597 2404; x_wconf 78' lang='lat' dir='ltr'>Hungariae</span> <span class='ocrx_word' id='word_1_162' title='bbox 1637 2345 1819 2405; x_wconf 86' lang='lat' dir='ltr'>prae—</span> 
     </span>
     <span class='ocr_line' id='line_1_26' title="bbox 110 2412 1819 2494; baseline 0 -26"><span class='ocrx_word' id='word_1_163' title='bbox 110 2412 264 2468; x_wconf 86' lang='lat' dir='ltr'>misi.</span> <span class='ocrx_word' id='word_1_164' title='bbox 317 2412 382 2490; x_wconf 79' lang='lat' dir='ltr'>a)</span> <span class='ocrx_word' id='word_1_165' title='bbox 420 2447 504 2457; x_wconf 91' lang='lat'>-—</span> <span class='ocrx_word' id='word_1_166' title='bbox 544 2414 808 2471; x_wconf 87' lang='lat' dir='ltr'>Interim</span> <span class='ocrx_word' id='word_1_167' title='bbox 856 2425 1191 2494; x_wconf 85' lang='lat' dir='ltr'>antequam</span> <span class='ocrx_word' id='word_1_168' title='bbox 1231 2415 1596 2470; x_wconf 77' lang='lat' dir='ltr'>Historicos</span> <span class='ocrx_word' id='word_1_169' title='bbox 1642 2434 1819 2469; x_wconf 81' lang='lat' dir='ltr'>even—</span> 
     </span>
     <span class='ocr_line' id='line_1_27' title="bbox 112 2496 1820 2584; baseline 0.003 -30"><span class='ocrx_word' id='word_1_170' title='bbox 112 2511 212 2555; x_wconf 74' lang='lat' dir='ltr'>tus</span> <span class='ocrx_word' id='word_1_171' title='bbox 257 2499 337 2558; x_wconf 85' lang='lat' dir='ltr'>ab</span> <span class='ocrx_word' id='word_1_172' title='bbox 372 2501 529 2560; x_wconf 83' lang='lat' dir='ltr'>orbe</span> <span class='ocrx_word' id='word_1_173' title='bbox 568 2498 859 2575; x_wconf 76' lang='lat' dir='ltr'>condito,</span> <span class='ocrx_word' id='word_1_174' title='bbox 894 2498 972 2557; x_wconf 90' lang='lat' dir='ltr'>ad</span> <span class='ocrx_word' id='word_1_175' title='bbox 997 2515 1209 2559; x_wconf 89' lang='lat' dir='ltr'>nostra</span> <span class='ocrx_word' id='word_1_176' title='bbox 1228 2496 1375 2560; x_wconf 84' lang='lat' dir='ltr'>haee</span> <span class='ocrx_word' id='word_1_177' title='bbox 1411 2514 1694 2584; x_wconf 87' lang='lat' dir='ltr'>tempora</span> <span class='ocrx_word' id='word_1_178' title='bbox 1712 2523 1820 2561; x_wconf 80' lang='lat' dir='ltr'>ex—</span> 
     </span>
     <span class='ocr_line' id='line_1_28' title="bbox 117 2588 1822 2671; baseline 0.001 -26"><span class='ocrx_word' id='word_1_179' title='bbox 117 2607 377 2670; x_wconf 83' lang='lat' dir='ltr'>ponam3</span> <span class='ocrx_word' id='word_1_180' title='bbox 425 2588 542 2647; x_wconf 88' lang='lat' dir='ltr'>hoc</span> <span class='ocrx_word' id='word_1_181' title='bbox 579 2589 717 2649; x_wconf 89' lang='lat' dir='ltr'>loco</span> <span class='ocrx_word' id='word_1_182' title='bbox 742 2592 1081 2671; x_wconf 85' lang='lat' dir='ltr'>praesentis</span> <span class='ocrx_word' id='word_1_183' title='bbox 1103 2591 1382 2650; x_wconf 87' lang='lat' dir='ltr'>universi</span> <span class='ocrx_word' id='word_1_184' title='bbox 1419 2590 1694 2671; x_wconf 83' lang='lat' dir='ltr'>Systema</span> <span class='ocrx_word' id='word_1_185' title='bbox 1715 2611 1822 2671; x_wconf 80' lang='lat' dir='ltr'>ge-</span> 
     </span>
     <span class='ocr_line' id='line_1_29' title="bbox 111 2676 1823 2760; baseline 0.001 -27"><span class='ocrx_word' id='word_1_186' title='bbox 111 2676 442 2756; x_wconf 80' lang='lat' dir='ltr'>neraliter3</span> <span class='ocrx_word' id='word_1_187' title='bbox 501 2681 565 2736; x_wconf 92' lang='lat' dir='ltr'>in</span> <span class='ocrx_word' id='word_1_188' title='bbox 629 2677 885 2759; x_wconf 82' lang='lat' dir='ltr'>singulis</span> <span class='ocrx_word' id='word_1_189' title='bbox 939 2692 1147 2738; x_wconf 89' lang='lat' dir='ltr'>autem</span> <span class='ocrx_word' id='word_1_190' title='bbox 1200 2676 1543 2760; x_wconf 83' lang='lat' dir='ltr'>majoribus</span> <span class='ocrx_word' id='word_1_191' title='bbox 1589 2679 1823 2760; x_wconf 83' lang='lat' dir='ltr'>Regnis</span> 
     </span>
     <span class='ocr_line' id='line_1_30' title="bbox 114 2763 1821 2850; baseline 0.001 -29"><span class='ocrx_word' id='word_1_192' title='bbox 114 2763 394 2846; x_wconf 83' lang='lat' dir='ltr'>specifice</span> <span class='ocrx_word' id='word_1_193' title='bbox 431 2765 978 2850; x_wconf 79' lang='lat' dir='ltr'>perstringendum</span> <span class='ocrx_word' id='word_1_194' title='bbox 1021 2769 1265 2826; x_wconf 86' lang='lat' dir='ltr'>censui:</span> <span class='ocrx_word' id='word_1_195' title='bbox 1316 2789 1458 2824; x_wconf 87' lang='lat' dir='ltr'>nam</span> <span class='ocrx_word' id='word_1_196' title='bbox 1503 2765 1821 2825; x_wconf 89' lang='lat' dir='ltr'>hominem</span> 
     </span>
     <span class='ocr_line' id='line_1_31' title="bbox 111 2852 1818 2939; baseline 0 -28"><span class='ocrx_word' id='word_1_197' title='bbox 111 2852 539 2939; x_wconf 81' lang='lat' dir='ltr'>Geographica</span> <span class='ocrx_word' id='word_1_198' title='bbox 574 2858 830 2916; x_wconf 87' lang='lat' dir='ltr'>scientia</span> <span class='ocrx_word' id='word_1_199' title='bbox 855 2854 1222 2917; x_wconf 87' lang='lat' dir='ltr'>destitutum</span> <span class='ocrx_word' id='word_1_200' title='bbox 1249 2902 1265 2932; x_wconf 76' lang='grc'>,</span> <span class='ocrx_word' id='word_1_201' title='bbox 1299 2857 1491 2915; x_wconf 87' lang='lat' dir='ltr'>instar</span> <span class='ocrx_word' id='word_1_202' title='bbox 1525 2856 1695 2914; x_wconf 86' lang='lat' dir='ltr'>coeci</span> <span class='ocrx_word' id='word_1_203' title='bbox 1721 2857 1818 2911; x_wconf 87' lang='lat' dir='ltr'>in—</span> 
     </span>
    </p>
   </div>
   <div class='ocr_carea' id='block_1_4' title="bbox 1590 2945 1732 3026">
    <p class='ocr_par' dir='ltr' id='par_1_5' title="bbox 1590 2945 1732 3026">
     <span class='ocr_line' id='line_1_32' title="bbox 1590 2945 1732 3026; baseline 0 -26"><span class='ocrx_word' id='word_1_204' title='bbox 1590 2945 1732 3026; x_wconf 86' lang='lat' dir='ltr'>qui-</span> 
     </span>
    </p>
   </div>
   <div class='ocr_carea' id='block_1_5' title="bbox 106 3054 418 3066">
    <p class='ocr_par' dir='ltr' id='par_1_6' title="bbox 106 3054 418 3066">
     <span class='ocr_line' id='line_1_33' title="bbox 106 3054 418 3066; baseline 0 720"><span class='ocrx_word' id='word_1_205' title='bbox 106 3054 418 3066; x_wconf 95' lang='lat' dir='ltr'> </span> 
     </span>
    </p>
   </div>
   <div class='ocr_carea' id='block_1_6' title="bbox 188 3129 1055 3205">
    <p class='ocr_par' dir='ltr' id='par_1_7' title="bbox 188 3129 1055 3205">
     <span class='ocr_line' id='line_1_34' title="bbox 188 3129 1055 3205; baseline 0 -22"><span class='ocrx_word' id='word_1_206' title='bbox 188 3132 246 3205; x_wconf 85' lang='lat' dir='ltr'>a)</span> <span class='ocrx_word' id='word_1_207' title='bbox 286 3133 449 3186; x_wconf 78' lang='lat' dir='ltr'>idem.</span> <span class='ocrx_word' id='word_1_208' title='bbox 487 3131 618 3185; x_wconf 82' lang='lat' dir='ltr'>ibid.</span> <span class='ocrx_word' id='word_1_209' title='bbox 653 3152 709 3205; x_wconf 85' lang='lat' dir='ltr'>p.</span> <span class='ocrx_word' id='word_1_210' title='bbox 751 3130 835 3184; x_wconf 79' lang='lat'>14.</span> <span class='ocrx_word' id='word_1_211' title='bbox 864 3162 932 3170; x_wconf 91' lang='lat'>—-</span> <span class='ocrx_word' id='word_1_212' title='bbox 967 3129 1055 3183; x_wconf 71' lang='lat'>62.</span> 
     </span>
    </p>
   </div>
  </div>
 </body>
</html>
