2048 3786
376 74 498 134 186
912 77 1342 132 Ilistoria

277 256 600 331 Iiypaepo
634 257 898 329 urbibus
918 256 1331 318 celeberrima
1361 250 1721 315 habuerunt
1755 256 1980 341 templa

278 363 424 401 cum
471 344 641 406 cellis
683 362 746 407 et
781 349 940 422 aris,
1014 368 1142 430 quo
1189 347 1408 427 Magus
1453 345 1762 426 ingressus
1797 349 1977 405 invo-

279 452 419 492 care
471 434 711 495 solebat
769 437 1006 512 Deum,
1069 449 1132 495 et
1179 433 1346 493 libro
1409 439 1683 493 recitans
1729 436 1983 494 carmen

272 521 618 583 barbarum
652 525 871 607 lingva
911 528 1146 607 ignota,
1194 524 1262 604 a)
1301 521 1411 581 ubi
1442 537 1663 605 sponte
1693 544 1796 582 sua
1839 545 1872 583 e
1910 523 1987 582 li-

276 613 415 693 gnis
455 612 629 673 nullo
655 613 906 674 admoto
933 617 1095 696 igne,
1134 615 1463 696 purissima
1480 611 1791 670 emicabat
1812 610 1987 671 flam-

277 723 391 760 ma.
442 700 808 763 Generatim
854 705 1014 763 sicut
1074 701 1236 783 Lydi
1283 703 1478 762 Deam
1539 702 1822 777 Cybelem
1868 723 1986 784 pro

276 810 569 873 supremo
600 792 874 856 Numine
911 791 1284 866 coluerunt,
1357 793 1442 850 ita
1482 812 1695 850 omnes
1742 793 1806 848 in
1855 789 1989 873 ejus

276 881 540 959 gratiam
580 879 659 940 ad
698 896 1054 942 extremum
1079 883 1300 940 animis
1323 901 1581 963 prorsus
1598 879 1987 955 effeminatiS,

275 967 652 1029 muliebrem
677 973 873 1030 vitam
900 985 1046 1031 sunt
1067 969 1375 1052 amplexi,
1421 971 1483 1050 b)
1531 966 1674 1027 hinc
1702 969 1989 1028 luxurio—

272 1058 360 1131 si,
407 1057 728 1139 impudici,
780 1057 1115 1119 hortorum
1150 1058 1407 1118 studiosi
1438 1073 1786 1119 evaserunt.
1817 1057 1988 1119 Mul-

276 1158 342 1203 to
393 1158 598 1205 tamen
625 1150 876 1231 turpior
915 1162 1050 1208 erat
1073 1169 1294 1207 eorum
1313 1146 1695 1208 consvetudo
1715 1162 1991 1207 castran—

276 1232 341 1292 di
387 1232 644 1295 feminas
669 1282 686 1312 ,
734 1238 792 1317 c)
841 1259 1032 1320 quam
1065 1236 1467 1313 Adramyten
1511 1235 1836 1316 Lydorum
1873 1259 1992 1296 rex

279 1321 652 1400 induxerat,
699 1339 770 1384 ut
831 1327 951 1385 illis
988 1322 1436 1385 Eunuchorum
1484 1323 1623 1384 loco
1682 1340 1985 1388 uteretur.

275 1413 450 1485 Quae
472 1413 655 1473 simul
675 1415 947 1498 insignes
973 1416 1379 1490 CantatriceS,
1405 1428 1468 1476 et
1511 1414 1577 1494 cl)
1624 1413 1992 1477 alimentum

279 1499 569 1563 luxuriae
604 1519 801 1565 erant.

439 1592 486 1672 ᾗ.
541 1595 594 1654 5.
646 1596 871 1653 Status
909 1593 1215 1654 Politicus
1259 1604 1320 1651 et
1361 1594 1597 1651 Forma
1631 1595 1978 1671 regiminis,

278 1679 442 1762 Lydi
479 1704 513 1739 a
537 1685 719 1742 Ludo
761 1685 927 1743 Semi
973 1679 1103 1741 filio
1142 1684 1200 1764 e)
1247 1684 1558 1764 originem
1576 1683 1834 1757 ducunt,
1875 1685 1987 1766 qui

275 1770 419 1830 alias
477 1774 665 1831 etiam
711 1774 962 1832 Moeoni
987 1772 1409 1849 vocabantur,
1455 1796 1489 1831 a
1524 1796 1672 1856 rege
1714 1771 1973 1847 celebri,

279 1863 390 1944 qui
436 1862 601 1944 apud
624 1885 726 1923 eos
750 1865 837 1944 f)
884 1863 1202 1944 regnabat.
1252 1862 1419 1922 Gens
1444 1862 1766 1944 Lydorum
1802 1864 1985 1922 initio

279 1954 488 2010 statim
521 1951 765 2034 legibus
818 1951 951 2011 fere
981 1951 1369 2011 Graecorum
1420 1953 1727 2012 similibus
1769 1952 1985 2011 uteba-

277 2055 416 2119 tur,
465 2043 581 2100 nisi
609 2039 780 2124 quod
813 2040 967 2099 filias
1003 2062 1138 2100 suas
1162 2042 1237 2121 g)
1286 2043 1740 2125 prostituerint.
1788 2040 1988 2100 Incla-

276 2132 408 2191 ruit
452 2129 551 2189 hic
607 2132 983 2214 praeceteris
1039 2133 1383 2207 Omphale,
1431 2133 1731 2191 Jorclanis
1776 2128 1986 2212 Lydo-

276 2243 424 2280 rum
466 2222 629 2303 regis
668 2219 813 2295 filia,
853 2220 1173 2280 amoribus
1206 2218 1528 2280 fortissimi
1575 2224 1698 2283 viri
1731 2224 1983 2279 Hercu-

276 2312 357 2369 lis
394 2309 637 2372 irretita
660 2357 676 2387 ,
723 2312 791 2393 h)
838 2332 1028 2395 quem
1067 2310 1252 2370 etiam
1292 2313 1413 2370 tori
1449 2325 1806 2375 consortem
1838 2309 1986 2371 ado-

1764 2414 1897 2484 pta-

345 2593 405 2668 a)
434 2597 655 2717 j{ansehn
692 2592 776 2716 [ᾗ
809 2592 939 2715 ᾖα.
964 2589 1063 2715 2}
1100 2590 1157 2704 ἒ)
1198 2593 1389 2716 .Ξῖῖαη
1426 2591 1486 2646 L.
1524 2589 1696 2717 1511.5p.
1731 2587 1983 2713 {iffi-Cle}

433 2677 589 2788 ..ἓξὲξ
631 2681 1014 2791 Ξῗ.,.ἵ8ὲὲἕ;..
1046 2703 1199 2790 151.
1238 2755 1296 2806 p.
1320 2683 1685 2791 {Rapum
1727 2663 1799 2788 L.)
1828 2679 1982 2803 ...ᾗ

441 2807 559 2862 634.
635 2806 687 2879 e)
726 2806 1203 2874 Bochart.Phaleg
1240 2809 1304 2862 L.
1341 2805 1567 2858 2.et12.
1626 2801 1708 2878 f)
1748 2804 1974 2856 Diodor.

433 2881 498 2936 L.
519 2879 568 2933 3.
604 2878 688 2932 58.
757 2877 827 2952 g)
869 2877 1132 2930 Herodot.
1171 2880 1233 2930 L.
1278 2876 1434 2933 1.94.
1460 2877 1663 2934 Aclian,
1703 2876 1830 2928 hist.
1859 2876 1987 2928 Var-

436 2953 501 3093 ξ.
540 2951 668 3077 [ἓξὲξ.
697 2963 744 3006 1.
821 2948 881 3023 ἢ)
940 2947 1323 3007 Diodor.L.4.
1356 2969 1401 3002 o.
1432 2947 1520 3006 31.
1542 2946 1792 3000 Aoollod.
1830 2948 1896 3002 L.
1918 2944 1974 2998 2.
