2048 3786
354 222 586 297 Babyl.
650 221 863 278 Chald.
910 220 1073 278 Med.
1109 221 1484 295 Assyriaca.
1586 228 1704 285 105

599 395 672 483 C
720 393 769 481 a
815 428 873 513 p
919 429 975 481 u
1019 417 1060 483 t
1179 397 1335 488 IV.

421 571 528 632 DE
591 567 1109 630 MONARCHIA
1177 570 1460 632 PRIMA.

164 719 553 794 Babylonico
567 753 598 762 -
630 716 971 775 Chaldaico
988 753 1018 761 -
1035 717 1277 774 Medico
1296 755 1326 762 -
1341 720 1709 794 Assyriae-a,

98 933 147 1011 ᾗ,
178 934 228 990 1.
279 864 671 992 Statistico
715 928 1161 1007 Geographica
1186 931 1357 987 notio
1379 931 1652 1007 Imperii
1672 934 1800 990 As-

98 1020 354 1095 syriaci.
401 1017 662 1076 Vastum
716 1012 903 1077 hocce
964 1018 1310 1100 Imperium
1357 1016 1796 1101 Assyriacum‚

101 1129 178 1168 ex
241 1105 525 1190 pluribus
588 1102 928 1187 subjugatis
984 1108 1233 1188 regni8‚
1299 1121 1440 1188 post
1494 1107 1804 1169 diluvium

98 1210 347 1256 centum
381 1207 443 1253 et
488 1191 733 1274 aliquot
768 1196 943 1253 annis
975 1195 1040 1252 in
1079 1208 1250 1255 terra
1290 1191 1579 1256 Chanaan
1616 1196 1805 1258 flore-

100 1306 171 1345 re
212 1285 422 1365 coepit
447 1328 463 1356 ,
512 1279 686 1364 cujus
728 1283 984 1342 termini
1026 1281 1346 1365 generales
1404 1299 1613 1349 erant:
1665 1287 1732 1366 (ι)
1771 1309 1806 1343 a

102 1371 336 1432 Sidone
375 1392 573 1454 usque
619 1368 693 1427 ad
740 1371 967 1429 Gazam
994 1415 1010 1444 ,
1073 1373 1225 1432 item
1290 1371 1625 1433 Sodomam
1672 1374 1802 1434 Go-

100 1457 454 1534 morrham‚
500 1458 844 1534 Adamam,
889 1458 1142 1518 Seboim
1168 1505 1184 1534 ‚
1232 1482 1430 1543 usque
1478 1462 1653 1522 Lesa.
1725 1465 1800 1521 In

98 1551 302 1632 specie
333 1562 539 1608 autem
578 1546 837 1628 Assyria
873 1548 934 1628 b)
976 1569 1163 1631 super
1211 1550 1418 1608 sinum
1479 1550 1804 1611 Persicum

30 1663 32 1665 ·
100 1658 315 1698 versus
341 1637 604 1696 Boream
638 1633 908 1717 jacebat,
957 1658 1118 1717 quae
1136 1650 1271 1697 erat
1306 1659 1446 1722 pars
1484 1639 1700 1719 Syriae
1719 1641 1799 1700 ab

103 1741 248 1787 ortu
288 1739 457 1783 trans
495 1725 756 1805 Tygrim
781 1738 844 1784 et
866 1721 1284 1806 Euphratem,
1330 1726 1388 1806 c)
1417 1727 1583 1788 unde
1617 1750 1804 1788 error

101 1816 417 1873 Herodoti
447 1827 651 1895 patet:
699 1815 810 1895 qui
862 1812 1077 1893 Syrios
1123 1812 1473 1887 aGraecis‚
1518 1816 1808 1897 Assyrios

104 1924 258 1964 vero
303 1924 336 1959 a
370 1901 656 1960 barbaris
685 1914 936 1961 vocatos
986 1900 1324 1982 contendit.
1383 1904 1548 1963 Huic
1596 1907 1802 1963 vicina

103 1993 276 2074 regio
300 1988 422 2050 fuit
441 1989 779 2072 Singarena
798 2036 814 2065 ‚
859 1990 971 2049 ubi
1007 1992 1307 2067 Babylon
1326 1993 1490 2052 intra
1516 1991 1802 2077 Euphra-

102 2095 230 2141 tem
275 2094 339 2139 et
383 2079 644 2162 Tygrim
687 2080 753 2160 d)
799 2101 831 2137 a
873 2081 1176 2137 Nlmrodo
1213 2078 1538 2164 magnifice
1583 2082 1802 2142 condi-

105 2184 164 2230 ta
189 2216 205 2245 ,
252 2191 287 2227 a
323 2167 566 2229 Parthis
624 2164 1028 2252 amplificata,
1104 2191 1139 2226 a
1189 2171 1804 2230 -Nabachodonosore

102 2257 255 2319 adeo
306 2272 525 2318 ornata
553 2304 569 2333 ‚
616 2258 673 2338 e)
711 2270 784 2315 ut
818 2270 1127 2317 vetustam
1168 2256 1538 2319 industriam
1578 2282 1804 2320 recen-

104 2350 229 2408 tior
272 2345 459 2407 fastus
482 2343 940 2428 magnificentia
969 2362 1326 2430 superaret3
1375 2371 1517 2408 nam
1559 2350 1710 2409 urbs
1737 2353 1801 2411 in

104 2436 342 2496 ambitu
381 2438 475 2498 16.
510 2433 660 2495 mill.
708 2435 1258 2518 complectebatur,
1286 2439 1347 2496 in
1390 2441 1552 2497 muri
1591 2439 1801 2498 altitu-

108 2526 252 2584 dine
298 2547 404 2585 sex
435 2545 657 2584 currus
687 2546 811 2583 una
865 2523 1123 2607 prodire
1164 2540 1488 2608 poterant:
1537 2527 1801 2588 altitudo

106 2615 273 2673 muri
321 2614 461 2673 565.
507 2611 772 2696 pedum,
808 2626 870 2672 et
909 2634 1022 2694 per
1049 2610 1179 2694 ejus
1212 2614 1514 2674 ambitum
1548 2632 1800 2676 centum

109 2716 326 2785 portae
369 2701 627 2760 stabant.
672 2703 858 2760 Juxta
895 2721 1122 2777 arcem,
1169 2698 1334 2762 horti
1384 2704 1648 2786 pensiles
1691 2704 1801 2763 ad-

1593 2796 1710 2852 mi-

183 2943 243 3011 a)
281 2939 412 2990 Gen.
451 2957 495 2990 o.
537 2936 616 2990 1Ο.
647 2956 697 2990 V.
736 2937 818 2992 19.
853 2935 906 3011 b)
946 2939 1279 3009 Pomponius
1299 2940 1457 2994 Mela.
1477 2943 1535 2996 L.
1557 2942 1602 2998 1.
1627 2964 1683 3016 p.
1713 2946 1797 3005 15.

270 3011 320 3082 c)
360 3009 586 3061 Ptolem.
615 3008 752 3061 Tah.
795 3010 853 3060 V.
892 3009 1067 3063 Asiae.
1087 3010 1292 3061 Plinius
1325 3012 1385 3063 L.
1410 3013 1471 3067 V.
1502 3034 1545 3066 e.
1571 3014 1657 3073 22,
1677 3019 1797 3069 Me...

269 3082 320 3133 la
353 3081 412 3131 L.
449 3078 495 3131 1.
529 3098 588 3150 p.
619 3077 703 3134 36.
741 3080 798 3152 cl)
834 3079 1054 3150 Joseph.
1082 3080 1271 3153 Antiq.
1300 3082 1422 3136 Jud.
1456 3084 1515 3138 L.
1538 3083 1617 3142 10.
1637 3107 1687 3145 ο.
1712 3088 1793 3142 11.

270 3151 323 3224 e)
362 3150 568 3203 Plinius
606 3149 673 3205 L.
707 3148 755 3203 6.
786 3169 833 3205 ο.
874 3148 964 3207 26.
