2048 3786
382 183 464 243 96
876 188 1266 247 Ili-storia

289 368 354 426 in
398 365 754 428 libertatem
787 390 1056 431 asserere
1092 394 1142 429 a.
1192 366 1425 430 Cl1.6(>·.
1453 382 1838 441 statuerunt3
1877 393 1986 431 cu-

283 454 380 539 jus
423 456 575 518 belli
618 478 799 516 eausa
852 457 975 517 fuit
1024 461 1092 541 a)
1145 462 1398 518 Ges-sias
1448 461 1678 517 Floras
1719 457 1988 522 Judaeae

281 547 701 622 Procurator,
750 550 861 630 qui
921 550 1302 608 immanitate
1358 561 1421 608 et
1495 549 1835 629 rapacitate
1886 570 1992 609 sua

280 657 532 695 omnem
571 649 821 716 gentem
867 637 1170 698 efferavit.
1235 637 1459 697 Missus
1512 637 1725 718 itaque
1764 635 1991 698 adver-

279 747 378 785 sus
415 724 789 786 rebellantes
812 726 850 784 J
855 724 1081 786 udaeos
1111 725 1191 785 ab
1229 728 1478 784 Nerone
1501 737 1649 784 tunc
1677 727 1991 809 imperan-

276 828 339 875 te
377 837 427 872 a.
476 811 583 873 Ch.
627 815 727 876 67.
776 815 921 874 Dux
980 818 1414 893 Vespasianus
1453 815 1564 898 qui
1614 829 1867 876 strenue
1924 830 1989 881 et

274 902 546 963 feliciter
587 925 759 962 arma
814 926 929 986 per
988 905 1196 965 Urbes
1235 918 1298 965 et
1356 906 1529 964 vicos
1574 902 1984 966 circumfere-

275 993 419 1067 bat,
462 989 662 1052 donec
697 992 885 1053 caede
933 996 1207 1051 Neronis
1231 1038 1248 1070 ‚
1282 1015 1317 1052 a
1352 991 1659 1051 militibus
1704 995 1988 1077 Impera-

272 1096 373 1143 tor
415 1079 745 1158 salutatus,
793 1082 1058 1141 Romam
1079 1082 1157 1141 ad
1202 1080 1564 1142 sumendam
1604 1081 1984 1165 linperiidi—

270 1173 572 1253 gnitatem
623 1169 1004 1230 contendens
1053 1195 1102 1228 a.
1149 1168 1256 1229 Ch.
1310 1172 1410 1233 69.
1459 1175 1812 1231 exercitum
1852 1169 1984 1231 filio

275 1262 418 1318 Tito
480 1255 779 1334 tradidit,
828 1261 939 1341 qui
983 1283 1033 1317 a.
1083 1257 1189 1318 Ch.
1256 1263 1352 1319 70.
1405 1281 1520 1340 per
1578 1261 1982 1342 Assymorum

264 1347 432 1422 dies,
486 1347 989 1428 Hierosolymam
1026 1347 1534 1408 laboriosissime
1611 1370 1975 1432 oppugnare

264 1439 509 1519 coepit,
541 1435 648 1498 sed
680 1459 877 1518 quum
901 1435 1142 1497 cladem
1164 1439 1518 1519 accepisset,
1565 1459 1714 1497 mox
1749 1438 1977 1499 urbem

263 1527 546 1609 undique
581 1525 1021 1586 includendam
1056 1542 1117 1587 et
1162 1526 1327 1586 fame
1353 1525 1723 1586 domandam
1752 1526 1974 1588 decre-

262 1622 373 1678 vit.
422 1619 561 1689 Quo
603 1630 887 1698 tempore
913 1663 928 1692 ,
972 1631 1042 1676 ut
1076 1632 1376 1702 appareat
1403 1618 1599 1699 spreti
1635 1619 1970 1701 necatique

261 1710 539 1766 llffessiae
615 1727 846 1787 poenas
909 1705 1084 1767 luere
1139 1704 1441 1781 Judaeos‚
1492 1707 1659 1765 inter
1717 1721 1969 1767 mutuas

259 1795 475 1858 caedes
517 1810 644 1854 tam
704 1791 1018 1855 horrenda
1073 1794 1263 1857 fames
1315 1794 1646 1855 moenibus
1693 1796 1972 1856 occlusos

258 1888 523 1958 invasit,
558 1899 630 1943 ut
673 1882 796 1967 jam
835 1882 1118 1945 humanis
1172 1885 1464 1945 carnibus
1528 1899 1971 1960 vescerentur,

260 1978 387 2034 imo
437 1973 714 2057 prolium
763 1978 952 2033 etiam
983 1997 1238 2034 suarum
1272 1995 1543 2058 corpora
1588 1988 1815 2035 matres
1855 1975 1969 2034 ab-

256 2078 658 2123 summerent.
709 2062 989 2123 Tandem
1046 2062 1274 2146 injecto
1322 2065 1508 2146 igne,
1556 2083 1699 2123 arce
1738 2063 1970 2124 'Anto-

254 2156 359 2212 nia
403 2168 466 2214 et
512 2154 719 2212 Sionis
767 2166 987 2235 capta,
1059 2153 1393 2236 Templum
1433 2174 1744 2228 eversum,
1792 2153 1966 2213 Urbs

254 2243 386 2303 solo
430 2256 734 2325 aequata,
782 2242 1032 2326 plenam
1072 2243 1148 2303 de
1194 2241 1446 2301 Judaeis
1509 2245 1691 2299 Titus
1731 2264 1962 2325 repor-

253 2335 414 2392 tavit
449 2335 798 2392 victoriam.
865 2333 999 2405 Qua
1041 2335 1178 2394 vice
1235 2347 1305 2391 ut
1341 2333 1648 2406 ¹Iosephus
1696 2334 1962 2389 Flavias

210 2424 214 2428 ’
249 2423 311 2502 b)
359 2421 635 2482 oculatus
676 2424 845 2482 testis
878 2421 1101 2481 tradit:
1170 2425 1236 2480 in
1276 2444 1400 2480 una
1444 2419 1555 2479 hac
1603 2421 1764 2480 urbe
1817 2444 1963 2504 par«

250 2514 364 2570 tim
411 2509 684 2570 hostium
719 2510 890 2571 ferro
915 2558 929 2587 ,
973 2513 1205 2594 partim
1249 2512 1482 2569 mutuis
1519 2508 1831 2584 caedibUS,
1871 2510 1966 2568 fa-

248 2624 349 2662 me
379 2615 487 2660 aut
520 2600 879 2660 voluntaria
917 2615 1141 2676 morte,
1190 2600 1482 2662 undecies
1520 2612 1780 2660 centena
1816 2600 1962 2659 mil-

252 2690 336 2748 lia
395 2692 795 2751 interierunt.

1727 2780 1875 2839 Post

247 2876 352 2885 -—

315 2918 371 2979 a)
403 2906 1956 3040 ggffipfflnltffsshgoff'3133ssss333d1eterngssjag

402 3055 681 3107 dacorum.
725 3065 853 3106 nota
888 3052 976 3105 22.
1002 3070 1115 3122 seq.
1148 3051 1396 3106 Tacitus,
1431 3052 1486 3101 L.
1537 3051 1595 3100 V.
1630 3070 1662 3100 c
1708 3051 1767 3102 10
1816 3069 1950 3121 seqq

403 3124 457 3190 b)
498 3124 720 3193 Joseph.
757 3126 822 3179 L.
861 3126 931 3175 VI
967 3124 1032 3174 de
1066 3123 1194 3178 bell.
1229 3122 1358 3178 Jud,
1387 3141 1436 3176 c.
1465 3120 1591 3189 9.§.
1641 3119 1696 3177 3.
1748 3121 1843 3173 Dio
1879 3123 1951 3179 L.

407 3195 489 3249 66.
530 3217 581 3270 p.
624 3194 742 3251 747.
781 3195 1002 3249 Tacitus
1037 3196 1180 3249 Hist.
1221 3192 1283 3250 L.
1319 3193 1386 3246 V.
1425 3211 1474 3248 ο.
1511 3191 1571 3246 11
1611 3209 1705 3264 sei
