2048 3786
600 210 1212 268 Hebraeorum.
1584 207 1664 267 59

71 414 224 452 num
253 392 656 452 ambitionem
697 412 841 448 cum
876 389 1006 448 vita
1048 403 1110 449 et
1138 409 1330 470 regno
1357 384 1655 471 deposuit.
1690 390 1756 466 α)

73 477 221 540 Post
255 476 403 540 haec
451 479 638 538 vidua
674 479 891 558 regina
923 480 1296 535 Alexandra
1342 498 1449 536 seu
1513 478 1758 534 Salome

74 571 284 626 mariti
328 567 605 628 defuncti
645 565 905 625 fratrem
950 567 1382 623 Alexandrum
1415 565 1765 620 Jannaeam

77 660 138 714 in
188 653 484 715 thronum
540 667 603 714 et
650 652 713 733 b)
775 666 987 712 torum
1026 652 1365 726 collocans,
1411 651 1565 711 duos
1610 649 1766 709 filios

77 748 213 801 Ha
218 762 471 817 canum,
517 755 579 801 et
608 742 1038 798 Aristolulzmz
1075 741 1220 800 licet
1251 740 1628 820 suscepelit‚
1667 760 1769 797 re-

79 850 266 913 gnum
310 847 517 908 tamen
564 831 748 888 uxori
811 831 1210 887 Alexandreae
1256 827 1549 909 leliquit3
1614 848 1774 909 quae

80 921 227 978 dum
258 915 693 979 Pontificatum
739 921 876 974 Hi]
881 940 1034 974 cano
1083 915 1211 977 filio
1253 912 1659 990 concedfflet,
1708 915 1765 993 c)

80 1006 352 1091 Judaeoi
356 1029 461 1064 um
497 1027 655 1088 resp.
690 1005 1031 1065 ambitione
1067 1004 1434 1087 Principum
1481 1018 1544 1064 et
1564 1006 1661 1062 civ
1648 1002 1771 1060 rili-

83 1095 198 1153 bus
243 1091 568 1153 discordiis
616 1095 678 1151 in
729 1108 1072 1153 extremam
1113 1092 1374 1152 adducta
1424 1106 1516 1152 est
1559 1094 1774 1175 perni-

79 1186 282 1260 ciem3
327 1185 659 1239 Hirccmzcs
715 1185 881 1241 enim
932 1180 1273 1242 Pharisaeis
1324 1182 1559 1263 optime
1600 1179 1773 1239 addi-

78 1286 244 1344 ctus,
292 1284 491 1330 matre
529 1283 776 1329 mortua
800 1273 980 1330 etiam
998 1293 1260 1352 regnum
1280 1269 1570 1329 obtinuit.
1618 1271 1772 1326 Am·-

81 1360 355 1418 -stobzclecs
393 1357 484 1416 ira
537 1357 748 1418 furens
792 1383 842 1418 a.
882 1374 1024 1419 ante
1082 1357 1188 1418 Ch.
1246 1361 1345 1420 68.
1409 1360 1769 1414 Hire-anum

81 1447 319 1533 praelio
356 1449 586 1505 victum
622 1468 816 1529 regno
855 1461 918 1507 et
949 1446 1320 1507 Pontificatu
1349 1443 1568 1505 cedere
1606 1467 1776 1504 com—

84 1535 262 1620 pulit.
310 1536 376 1615 cl)
424 1536 687 1595 Interim
715 1537 1056 1610 Antipater
1109 1535 1434 1595 Idumaeus
1463 1534 1777 1617 pernicio-

89 1643 189 1684 sus
225 1638 286 1684 et
323 1621 577 1682 callidus
613 1645 686 1683 eo
735 1626 1099 1682 Hirccmum
1155 1623 1403 1706 impulit
1431 1670 1451 1697 ‚
1497 1637 1566 1680 ut
1610 1623 1767 1678 Are-

92 1725 196 1770 tae
237 1714 400 1792 regis
440 1710 724 1770 Arabum
765 1711 820 1791 e)
867 1712 1112 1772 auxiliis
1143 1734 1406 1792 regnum
1443 1722 1778 1792 repeteret.

92 1797 387 1858 Turbatis
427 1801 517 1857 ita
536 1800 571 1856 J
577 1794 915 1859 udaeorum
949 1802 1136 1860 rebus
1170 1803 1504 1875 Pompejzcs
1549 1798 1780 1857 Hiero—

92 1887 353 1968 solyinas
386 1890 569 1970 capit,
590 1901 652 1946 et
684 1890 1047 1948 Hircanmn
1071 1887 1462 1950 Pontificatui
1485 1887 1780 1959 restituit3

94 1999 172 2036 ex
221 1997 348 2058 quo
398 1990 681 2058 tempore
727 1975 1024 2058 abrogata
1075 1979 1247 2059 regia
1292 1975 1627 2057 dignitate,
1674 1975 1786 2031 Ju—

97 2063 233 2124 daei
267 2063 632 2124 Ethnarchis
676 2064 1016 2141 sube1=ant3
1050 2090 1117 2126 ac
1157 2069 1320 2125 intra
1367 2078 1607 2124 veteres
1655 2077 1782 2122 ter-

94 2155 295 2213 minos
330 2151 584 2228 ledacti‚
624 2153 888 2236 vectigal
922 2156 1195 2238 pendelc
1247 2153 1392 2236 jussi
1431 2167 1603 2212 sunt:
1656 2154 1786 2234 ipsa

96 2264 250 2302 vero
281 2242 512 2302 Judaea
545 2243 865 2302 Romanoi
870 2265 975 2301 um
1009 2269 1086 2329 pi
1091 2246 1332 2305 ovincia
1365 2240 1524 2300 facta
1576 2254 1680 2301 est.
1702 2240 1785 2318 f)

98 2331 230 2391 Hac
268 2334 590 2391 occasione
632 2334 965 2407 Pompejccs
988 2334 1424 2395 Aristobzclzcm
1459 2352 1601 2389 cum
1632 2328 1789 2387 duo—

104 2418 221 2479 bus
260 2418 399 2479 filiis
429 2419 693 2479 Romam
732 2418 1030 2499 abduxit,
1083 2422 1188 2486 Sed
1225 2443 1302 2481 ex
1358 2421 1581 2480 itinere
1637 2421 1789 2476 Ale-

102 2512 343 2565 xander
386 2506 689 2591 dilapsus,
730 2531 876 2568 mox
913 2529 1130 2574 contra
1175 2514 1536 2569 Hit-canum
1574 2510 1637 2564 in
1679 2507 1790 2564 Ju-

106 2594 254 2655 daea
294 2596 660 2656 tumultuari
705 2600 952 2680 coepit,
1000 2603 1106 2665 sed
1137 2627 1172 2662 a
1217 2598 1479 2658 Gabinio
1536 2609 1787 2677 captus,

1501 2705 1704 2745 securi

184 2905 244 2979 a)
280 2906 437 2958 idem.
469 2905 589 2960 Lib
627 2906 706 2963 13.
744 2927 791 2962 c
826 2906 908 2960 11.
944 2909 990 2977 3.
1026 2906 1078 2965 1.
1119 2926 1215 2980 seq
1218 2907 1321 2983 .b)
1359 2909 1501 2962 idem
1538 2910 1598 2962 L.
1635 2908 1718 2965 13
1748 2930 1792 2962 e.

475 2976 524 3034 1.
561 2975 613 3050 c)
651 2978 866 3049 Joseph.
897 2979 1072 3049 antiq.
1096 2975 1165 3032 L.
1179 2926 1282 3033 13.
1322 3000 1366 3032 c.
1403 2979 1485 3033 16.
1518 2982 1564 3050 3.
1598 2978 1644 3033 1.
1682 2999 1795 3049 seq.

273 2975 377 3191 ΑΞ]
364 2980 565 3099 ibidem
598 3051 659 3100 L.
702 3048 782 3103 11.
820 3069 862 3100 o.
903 3047 947 3099 1.
982 3051 1027 3117 3.
1072 3047 1122 3105 1.
1154 3068 1263 3124 seq.
1305 3049 1355 3123 e)
1395 3051 1529 3105 ibid.
1569 3052 1618 3122 3.
1653 3049 1702 3106 3.
1736 3052 1787 3103 4.

256 3115 309 3186 J
375 3115 542 3175 idem.
573 3119 794 3172 ibidem.
832 3140 880 3174 e.
920 3118 973 3175 1.
992 3118 1102 3190 31.
1142 3120 1190 3174 5.
