2048 3786
538 202 1194 275 Spartanorum.
1526 202 1651 262 515

47 399 178 440 esse
201 375 551 441 desiitadeo
578 403 589 439 :
629 391 697 438 ut
729 393 1042 439 mercator
1080 376 1334 460 quidam
1369 379 1483 437 sub
1510 405 1738 439 annum

55 468 238 527 1768,
279 467 512 528 ibidem
547 467 695 527 duas
728 467 974 527 Scholas
1021 470 1143 526 suis
1186 467 1489 526 sumtibus
1538 472 1740 550 erige-

47 568 178 629 ret,
226 557 289 614 in
339 557 568 639 quibus
627 555 900 637 lingvam
953 570 1232 617 veterem
1283 555 1583 616 Graecam
1646 561 1740 616 12.

53 641 353 706 discentes
397 644 947 729 redipiscerentur.

542 843 613 932 C
642 879 690 929 a
709 876 765 965 p
784 880 843 931 u
865 863 899 928 t
960 840 1310 935 XVIII.

325 1020 731 1082 HISTORIA
777 1017 1440 1082 SPARTANORUM.

52 1216 98 1296 ᾗ.
123 1149 589 1279 LStatistico
649 1217 1089 1296 Geogz·aplzica
1158 1218 1342 1274 notio.
1429 1217 1746 1302 Pelopon-

55 1326 235 1365 nesus
269 1301 455 1366 hodie
507 1307 733 1362 fflorea
758 1352 773 1381 ,
818 1305 894 1364 ἃᾶ
920 1320 1128 1367 ortum
1168 1300 1354 1366 habet
1384 1328 1557 1367 mare
1602 1311 1753 1369 Cre-

50 1396 278 1471 ticum3
319 1392 396 1452 ad
429 1414 711 1453 occasum
744 1417 915 1456 mare
975 1396 1265 1453 Jonicum
1330 1396 1461 1456 sive
1527 1395 1752 1456 Adria—

54 1484 281 1556 ticum3
325 1481 401 1540 ad
449 1484 976 1565 Septemtrionem
1017 1485 1221 1542 sinum
1256 1481 1745 1560 Corinthiacum,

54 1585 118 1636 et
159 1570 560 1646 Saronicumg
608 1569 681 1628 ad
717 1571 1052 1632 Meridiem
1090 1593 1263 1631 mare
1298 1571 1750 1635 Mediterrane—

47 1682 172 1723 um.
224 1658 681 1743 Peloponnesus
724 1660 876 1718 olim
902 1676 1042 1720 octo
1066 1664 1424 1720 numeravit
1462 1664 1749 1743 regiones

48 1750 180 1806 uti:
229 1750 545 1825 Aclzajam
571 1794 589 1822 ,
629 1752 1032 1825 Sicyonium,
1087 1749 1471 1825 Corinthum,
1516 1755 1752 1829 A'zgosss

58 1839 340 1911 Elidem,
385 1838 753 1912 Arcadiam,
797 1840 1197 1912 Messeniam,
1236 1838 1400 1897 inter
1437 1861 1585 1920 quas
1623 1862 1755 1899 me-

45 1924 369 1984 morabilis
417 1927 726 2008 imprimis
765 1924 886 1985 fuit
925 1929 1174 2002 Sparta
1229 1926 1362 1985 sive
1423 1929 1749 1986 Lacedae-

45 2034 214 2072 mon:
264 2035 531 2095 quarum
577 2016 903 2072 civitatum
946 2016 1123 2072 initia
1164 2014 1430 2073 obscura
1472 2030 1616 2075 sunt
1652 2038 1738 2075 us-

49 2123 172 2184 que
195 2100 272 2159 ad
304 2105 598 2180 Lycurgi
621 2105 1182 2184 organisationem3
1231 2099 1407 2183 cujus
1430 2102 1592 2186 leges
1615 2126 1751 2165 cer-

50 2195 278 2251 tiorem
325 2191 513 2251 rebus
580 2192 1031 2273 Spartanorum
1076 2189 1483 2251 affundebant
1533 2193 1753 2253 lucem.

51 2274 510 2362 Peloponnesus
554 2279 705 2339 olim
751 2283 922 2338 varia
961 2275 1183 2339 habuit
1217 2282 1487 2339 nomina.
1524 2283 1591 2361 a)
1638 2281 1754 2342 sub

52 2369 221 2443 Apeo
271 2369 579 2427 Phoronei
630 2365 759 2429 filio
801 2369 1149 2431 vocabatur
1205 2371 1400 2444 Λζρία.
1465 2370 1596 2429 Sub
1637 2373 1754 2429 Pe-

57 2459 274 2533 lasgo,
338 2457 652 2534 Pelasgia.
748 2457 881 2516 Sub
921 2460 1098 2537 Argo
1152 2457 1594 2517 nominabatur
1630 2460 1757 2516 Ar-

54 2565 189 2621 gos.
284 2543 415 2602 Sub
466 2548 779 2620 Pelopidis
822 2548 1289 2622 Peloponnesus
1384 2544 1632 2606 Inachia
1670 2547 1751 2607 ab

54 2633 291 2689 Inacho
336 2655 499 2716 rege,
583 2631 790 2694 Hodie
851 2637 1078 2693 flIorea
1137 2637 1372 2692 dicitur
1406 2636 1753 2719 probabili-

53 2741 123 2780 us
178 2743 213 2778 a
276 2721 528 2782 Mauris.
629 2721 994 2783 Generatim
1053 2720 1203 2783 haec
1249 2725 1423 2805 regio
1470 2739 1605 2785 erat
1651 2746 1754 2784 ca-

53 2823 166 2889 put
208 2824 270 2869 et
315 2833 427 2870 arx
477 2811 664 2870 totius
694 2811 1033 2887 Graeciae,
1081 2825 1143 2872 et
1203 2825 1274 2870 ut
1320 2814 1564 2872 Plinius
1630 2816 1748 2874 ait:

51 2894 211 2957 haud
240 2898 350 2958 ulli
386 2913 589 2961 terrae
626 2899 955 2975 nobilitate
994 2899 1422 2985 postferenda,
1455 2905 1753 2985 quoniam

1474 2992 1661 3053 rebus

124 3133 184 3206 a)
222 3136 431 3190 Plinius
465 3137 525 3189 L.
561 3135 612 3191 4.
652 3156 695 3191 c.
729 3133 782 3195 4.
826 3147 878 3190 et
910 3139 975 3194 L.
1020 3134 1064 3191 1.
1102 3155 1151 3192 e.
1189 3134 1270 3190 15.
